%YAML 1.1
%TAG !u! tag:unity3d.com,2011:
--- !u!29 &1
SceneSettings:
  m_ObjectHideFlags: 0
  m_PVSData: 
  m_PVSObjectsArray: []
  m_PVSPortalsArray: []
  m_OcclusionBakeSettings:
    smallestOccluder: 5
    smallestHole: .25
    backfaceThreshold: 100
--- !u!104 &2
RenderSettings:
  m_Fog: 0
  m_FogColor: {r: .5, g: .5, b: .5, a: 1}
  m_FogMode: 3
  m_FogDensity: .00999999978
  m_LinearFogStart: 0
  m_LinearFogEnd: 300
  m_AmbientLight: {r: .200000003, g: .200000003, b: .200000003, a: 1}
  m_SkyboxMaterial: {fileID: 0}
  m_HaloStrength: .5
  m_FlareStrength: 1
  m_FlareFadeSpeed: 3
  m_HaloTexture: {fileID: 0}
  m_SpotCookie: {fileID: 0}
  m_ObjectHideFlags: 0
--- !u!127 &3
LevelGameManager:
  m_ObjectHideFlags: 0
--- !u!157 &4
LightmapSettings:
  m_ObjectHideFlags: 0
  m_LightProbes: {fileID: 0}
  m_Lightmaps: []
  m_LightmapsMode: 1
  m_BakedColorSpace: 0
  m_UseDualLightmapsInForward: 0
  m_LightmapEditorSettings:
    m_Resolution: 50
    m_LastUsedResolution: 0
    m_TextureWidth: 1024
    m_TextureHeight: 1024
    m_BounceBoost: 1
    m_BounceIntensity: 1
    m_SkyLightColor: {r: .860000014, g: .930000007, b: 1, a: 1}
    m_SkyLightIntensity: 0
    m_Quality: 0
    m_Bounces: 1
    m_FinalGatherRays: 1000
    m_FinalGatherContrastThreshold: .0500000007
    m_FinalGatherGradientThreshold: 0
    m_FinalGatherInterpolationPoints: 15
    m_AOAmount: 0
    m_AOMaxDistance: .100000001
    m_AOContrast: 1
    m_LODSurfaceMappingDistance: 1
    m_Padding: 0
    m_TextureCompression: 0
    m_LockAtlas: 0
--- !u!196 &5
NavMeshSettings:
  m_ObjectHideFlags: 0
  m_BuildSettings:
    agentRadius: .5
    agentHeight: 2
    agentSlope: 45
    agentClimb: .400000006
    ledgeDropHeight: 0
    maxJumpAcrossDistance: 0
    accuratePlacement: 0
    minRegionArea: 2
    widthInaccuracy: 16.666666
    heightInaccuracy: 10
  m_NavMesh: {fileID: 0}
--- !u!1 &46990398
GameObject:
  m_ObjectHideFlags: 0
  m_PrefabParentObject: {fileID: 176398, guid: 99d4e8603f3c64a438b0c56b34f43213, type: 2}
  m_PrefabInternal: {fileID: 1567845314}
  serializedVersion: 4
  m_Component:
  - 4: {fileID: 46990399}
  m_Layer: 0
  m_Name: ScifiCrate_2
  m_TagString: Untagged
  m_Icon: {fileID: 0}
  m_NavMeshLayer: 0
  m_StaticEditorFlags: 0
  m_IsActive: 1
--- !u!4 &46990399
Transform:
  m_ObjectHideFlags: 0
  m_PrefabParentObject: {fileID: 476398, guid: 99d4e8603f3c64a438b0c56b34f43213, type: 2}
  m_PrefabInternal: {fileID: 1567845314}
  m_GameObject: {fileID: 46990398}
  m_LocalRotation: {x: 0, y: 0, z: 0, w: 1}
  m_LocalPosition: {x: 0, y: 0, z: 0}
  m_LocalScale: {x: .295968294, y: .295968294, z: .295968294}
  m_Children:
  - {fileID: 1896744085}
  m_Father: {fileID: 1150881695}
  m_RootOrder: 4
--- !u!1 &143484527
GameObject:
  m_ObjectHideFlags: 0
  m_PrefabParentObject: {fileID: 0}
  m_PrefabInternal: {fileID: 0}
  serializedVersion: 4
  m_Component:
  - 4: {fileID: 143484532}
  - 20: {fileID: 143484531}
  - 92: {fileID: 143484530}
  - 124: {fileID: 143484529}
  - 81: {fileID: 143484528}
  m_Layer: 0
  m_Name: Main Camera
  m_TagString: MainCamera
  m_Icon: {fileID: 0}
  m_NavMeshLayer: 0
  m_StaticEditorFlags: 0
  m_IsActive: 1
--- !u!81 &143484528
AudioListener:
  m_ObjectHideFlags: 0
  m_PrefabParentObject: {fileID: 0}
  m_PrefabInternal: {fileID: 0}
  m_GameObject: {fileID: 143484527}
  m_Enabled: 1
--- !u!124 &143484529
Behaviour:
  m_ObjectHideFlags: 0
  m_PrefabParentObject: {fileID: 0}
  m_PrefabInternal: {fileID: 0}
  m_GameObject: {fileID: 143484527}
  m_Enabled: 1
--- !u!92 &143484530
Behaviour:
  m_ObjectHideFlags: 0
  m_PrefabParentObject: {fileID: 0}
  m_PrefabInternal: {fileID: 0}
  m_GameObject: {fileID: 143484527}
  m_Enabled: 1
--- !u!20 &143484531
Camera:
  m_ObjectHideFlags: 0
  m_PrefabParentObject: {fileID: 0}
  m_PrefabInternal: {fileID: 0}
  m_GameObject: {fileID: 143484527}
  m_Enabled: 1
  serializedVersion: 2
  m_ClearFlags: 1
  m_BackGroundColor: {r: .192156866, g: .301960796, b: .474509805, a: .0196078438}
  m_NormalizedViewPortRect:
    serializedVersion: 2
    x: 0
    y: 0
    width: 1
    height: 1
  near clip plane: .300000012
  far clip plane: 1000
  field of view: 60
  orthographic: 0
  orthographic size: 5
  m_Depth: -1
  m_CullingMask:
    serializedVersion: 2
    m_Bits: 4294967295
  m_RenderingPath: -1
  m_TargetTexture: {fileID: 0}
  m_TargetDisplay: 0
  m_HDR: 0
  m_OcclusionCulling: 1
  m_StereoConvergence: 10
  m_StereoSeparation: .0219999999
--- !u!4 &143484532
Transform:
  m_ObjectHideFlags: 0
  m_PrefabParentObject: {fileID: 0}
  m_PrefabInternal: {fileID: 0}
  m_GameObject: {fileID: 143484527}
  m_LocalRotation: {x: 0, y: 0, z: 0, w: 1}
  m_LocalPosition: {x: 0, y: 1, z: -10}
  m_LocalScale: {x: 1, y: 1, z: 1}
  m_Children: []
  m_Father: {fileID: 0}
  m_RootOrder: 2
--- !u!1001 &147984326
Prefab:
  m_ObjectHideFlags: 0
  serializedVersion: 2
  m_Modification:
    m_TransformParent: {fileID: 1290520830}
    m_Modifications:
    - target: {fileID: 400000, guid: 995c252f2767fe840920e073859ff3a9, type: 3}
      propertyPath: m_LocalPosition.x
      value: -7.34332085
      objectReference: {fileID: 0}
    - target: {fileID: 400000, guid: 995c252f2767fe840920e073859ff3a9, type: 3}
      propertyPath: m_LocalPosition.y
      value: .18948549
      objectReference: {fileID: 0}
    - target: {fileID: 400000, guid: 995c252f2767fe840920e073859ff3a9, type: 3}
      propertyPath: m_LocalPosition.z
      value: 24.6245022
      objectReference: {fileID: 0}
    - target: {fileID: 400000, guid: 995c252f2767fe840920e073859ff3a9, type: 3}
      propertyPath: m_LocalRotation.x
      value: 2.18556941e-08
      objectReference: {fileID: 0}
    - target: {fileID: 400000, guid: 995c252f2767fe840920e073859ff3a9, type: 3}
      propertyPath: m_LocalRotation.y
      value: 0
      objectReference: {fileID: 0}
    - target: {fileID: 400000, guid: 995c252f2767fe840920e073859ff3a9, type: 3}
      propertyPath: m_LocalRotation.z
      value: -0
      objectReference: {fileID: 0}
    - target: {fileID: 400000, guid: 995c252f2767fe840920e073859ff3a9, type: 3}
      propertyPath: m_LocalRotation.w
      value: 1
      objectReference: {fileID: 0}
    m_RemovedComponents: []
  m_ParentPrefab: {fileID: 100100000, guid: 995c252f2767fe840920e073859ff3a9, type: 3}
  m_RootGameObject: {fileID: 1889140417}
  m_IsPrefabParent: 0
  m_IsExploded: 1
--- !u!1 &339688948
GameObject:
  m_ObjectHideFlags: 0
  m_PrefabParentObject: {fileID: 177096, guid: 99d4e8603f3c64a438b0c56b34f43213, type: 2}
  m_PrefabInternal: {fileID: 1567845314}
  serializedVersion: 4
  m_Component:
  - 224: {fileID: 339688949}
  - 223: {fileID: 339688952}
  - 114: {fileID: 339688951}
  - 114: {fileID: 339688950}
  m_Layer: 12
  m_Name: Canvas
  m_TagString: Untagged
  m_Icon: {fileID: 0}
  m_NavMeshLayer: 0
  m_StaticEditorFlags: 0
  m_IsActive: 1
--- !u!224 &339688949
RectTransform:
  m_ObjectHideFlags: 0
  m_PrefabParentObject: {fileID: 22477090, guid: 99d4e8603f3c64a438b0c56b34f43213,
    type: 2}
  m_PrefabInternal: {fileID: 1567845314}
  m_GameObject: {fileID: 339688948}
  m_LocalRotation: {x: .707106829, y: 0, z: 0, w: .707106829}
  m_LocalPosition: {x: 0, y: 0, z: -1}
  m_LocalScale: {x: .0454329997, y: .00757799996, z: 1}
  m_Children:
  - {fileID: 1487583420}
  m_Father: {fileID: 1150881695}
  m_RootOrder: 3
  m_AnchorMin: {x: 0, y: 0}
  m_AnchorMax: {x: 0, y: 0}
  m_AnchoredPosition: {x: 0, y: 1}
  m_SizeDelta: {x: 50, y: 50}
  m_Pivot: {x: .5, y: .5}
--- !u!114 &339688950
MonoBehaviour:
  m_ObjectHideFlags: 0
  m_PrefabParentObject: {fileID: 11477088, guid: 99d4e8603f3c64a438b0c56b34f43213,
    type: 2}
  m_PrefabInternal: {fileID: 1567845314}
  m_GameObject: {fileID: 339688948}
  m_Enabled: 1
  m_EditorHideFlags: 0
  m_Script: {fileID: 1301386320, guid: f5f67c52d1564df4a8936ccd202a3bd8, type: 3}
  m_Name: 
  m_EditorClassIdentifier: 
  ignoreReversedGraphics: 1
  blockingObjects: 0
  m_BlockingMask:
    serializedVersion: 2
    m_Bits: 4294967295
--- !u!114 &339688951
MonoBehaviour:
  m_ObjectHideFlags: 0
  m_PrefabParentObject: {fileID: 11477090, guid: 99d4e8603f3c64a438b0c56b34f43213,
    type: 2}
  m_PrefabInternal: {fileID: 1567845314}
  m_GameObject: {fileID: 339688948}
  m_Enabled: 1
  m_EditorHideFlags: 0
  m_Script: {fileID: 1980459831, guid: f5f67c52d1564df4a8936ccd202a3bd8, type: 3}
  m_Name: 
  m_EditorClassIdentifier: 
  m_UiScaleMode: 0
  m_ReferencePixelsPerUnit: 100
  m_ScaleFactor: 1
  m_ReferenceResolution: {x: 800, y: 600}
  m_ScreenMatchMode: 0
  m_MatchWidthOrHeight: 0
  m_PhysicalUnit: 3
  m_FallbackScreenDPI: 96
  m_DefaultSpriteDPI: 96
  m_DynamicPixelsPerUnit: 1
--- !u!223 &339688952
Canvas:
  m_ObjectHideFlags: 0
  m_PrefabParentObject: {fileID: 22377078, guid: 99d4e8603f3c64a438b0c56b34f43213,
    type: 2}
  m_PrefabInternal: {fileID: 1567845314}
  m_GameObject: {fileID: 339688948}
  m_Enabled: 1
  serializedVersion: 2
  m_RenderMode: 2
  m_Camera: {fileID: 0}
  m_PlaneDistance: 100
  m_PixelPerfect: 0
  m_ReceivesEvents: 1
  m_OverrideSorting: 0
  m_OverridePixelPerfect: 0
  m_SortingLayerID: 0
  m_SortingOrder: 0
--- !u!1 &463407487
GameObject:
  m_ObjectHideFlags: 0
  m_PrefabParentObject: {fileID: 100000, guid: 0cd7bb6bdf7d49a4289c861763122d06, type: 3}
  m_PrefabInternal: {fileID: 1847659259}
  serializedVersion: 4
  m_Component:
  - 4: {fileID: 463407488}
  - 33: {fileID: 463407491}
  - 23: {fileID: 463407490}
  - 95: {fileID: 463407489}
  m_Layer: 0
  m_Name: weapon03
  m_TagString: Untagged
  m_Icon: {fileID: 0}
  m_NavMeshLayer: 0
  m_StaticEditorFlags: 0
  m_IsActive: 1
--- !u!4 &463407488
Transform:
  m_ObjectHideFlags: 0
  m_PrefabParentObject: {fileID: 400000, guid: 0cd7bb6bdf7d49a4289c861763122d06, type: 3}
  m_PrefabInternal: {fileID: 1847659259}
  m_GameObject: {fileID: 463407487}
  m_LocalRotation: {x: 2.18556941e-08, y: 0, z: -0, w: 1}
  m_LocalPosition: {x: -10.7716684, y: -.108197704, z: 24.6063328}
  m_LocalScale: {x: .899999976, y: 1, z: 1}
  m_Children: []
  m_Father: {fileID: 1290520830}
  m_RootOrder: 3
--- !u!95 &463407489
Animator:
  serializedVersion: 3
  m_ObjectHideFlags: 0
  m_PrefabParentObject: {fileID: 9500000, guid: 0cd7bb6bdf7d49a4289c861763122d06,
    type: 3}
  m_PrefabInternal: {fileID: 1847659259}
  m_GameObject: {fileID: 463407487}
  m_Enabled: 1
  m_Avatar: {fileID: 9000000, guid: 0cd7bb6bdf7d49a4289c861763122d06, type: 3}
  m_Controller: {fileID: 0}
  m_CullingMode: 0
  m_UpdateMode: 0
  m_ApplyRootMotion: 1
  m_HasTransformHierarchy: 1
  m_AllowConstantClipSamplingOptimization: 1
--- !u!23 &463407490
Renderer:
  m_ObjectHideFlags: 0
  m_PrefabParentObject: {fileID: 2300000, guid: 0cd7bb6bdf7d49a4289c861763122d06,
    type: 3}
  m_PrefabInternal: {fileID: 1847659259}
  m_GameObject: {fileID: 463407487}
  m_Enabled: 1
  m_CastShadows: 1
  m_ReceiveShadows: 1
  m_LightmapIndex: 255
  m_LightmapTilingOffset: {x: 1, y: 1, z: 0, w: 0}
  m_Materials:
  - {fileID: 2100000, guid: 9c0d8356d2c63b549b47c212d7c86e3e, type: 2}
  - {fileID: 2100000, guid: 9af5636ae0fd67d4b8fdb1d6d6bdaab2, type: 2}
  m_SubsetIndices: 
  m_StaticBatchRoot: {fileID: 0}
  m_UseLightProbes: 0
  m_LightProbeAnchor: {fileID: 0}
  m_ScaleInLightmap: 1
  m_SortingLayerID: 0
  m_SortingOrder: 0
--- !u!33 &463407491
MeshFilter:
  m_ObjectHideFlags: 0
  m_PrefabParentObject: {fileID: 3300000, guid: 0cd7bb6bdf7d49a4289c861763122d06,
    type: 3}
  m_PrefabInternal: {fileID: 1847659259}
  m_GameObject: {fileID: 463407487}
  m_Mesh: {fileID: 4300000, guid: 0cd7bb6bdf7d49a4289c861763122d06, type: 3}
--- !u!1 &603788767
GameObject:
  m_ObjectHideFlags: 0
  m_PrefabParentObject: {fileID: 177086, guid: 99d4e8603f3c64a438b0c56b34f43213, type: 2}
  m_PrefabInternal: {fileID: 1567845314}
  serializedVersion: 4
  m_Component:
  - 224: {fileID: 603788768}
  - 222: {fileID: 603788770}
  - 114: {fileID: 603788769}
  m_Layer: 12
  m_Name: Handle
  m_TagString: Untagged
  m_Icon: {fileID: 0}
  m_NavMeshLayer: 0
  m_StaticEditorFlags: 0
  m_IsActive: 1
--- !u!224 &603788768
RectTransform:
  m_ObjectHideFlags: 0
  m_PrefabParentObject: {fileID: 22477080, guid: 99d4e8603f3c64a438b0c56b34f43213,
    type: 2}
  m_PrefabInternal: {fileID: 1567845314}
  m_GameObject: {fileID: 603788767}
  m_LocalRotation: {x: 0, y: 0, z: 0, w: 1}
  m_LocalPosition: {x: 0, y: 0, z: 0}
  m_LocalScale: {x: 1, y: 1, z: 1}
  m_Children: []
  m_Father: {fileID: 943827870}
  m_RootOrder: 0
  m_AnchorMin: {x: 0, y: 0}
  m_AnchorMax: {x: 0, y: 0}
  m_AnchoredPosition: {x: 0, y: 0}
  m_SizeDelta: {x: 20, y: 0}
  m_Pivot: {x: .5, y: .5}
--- !u!114 &603788769
MonoBehaviour:
  m_ObjectHideFlags: 0
  m_PrefabParentObject: {fileID: 11477084, guid: 99d4e8603f3c64a438b0c56b34f43213,
    type: 2}
  m_PrefabInternal: {fileID: 1567845314}
  m_GameObject: {fileID: 603788767}
  m_Enabled: 0
  m_EditorHideFlags: 0
  m_Script: {fileID: -765806418, guid: f5f67c52d1564df4a8936ccd202a3bd8, type: 3}
  m_Name: 
  m_EditorClassIdentifier: 
  m_Material: {fileID: 0}
  m_Color: {r: 1, g: 1, b: 1, a: 1}
  m_Sprite: {fileID: 10913, guid: 0000000000000000f000000000000000, type: 0}
  m_Type: 0
  m_PreserveAspect: 0
  m_FillCenter: 1
  m_FillMethod: 4
  m_FillAmount: 1
  m_FillClockwise: 1
  m_FillOrigin: 0
--- !u!222 &603788770
CanvasRenderer:
  m_ObjectHideFlags: 0
  m_PrefabParentObject: {fileID: 22277082, guid: 99d4e8603f3c64a438b0c56b34f43213,
    type: 2}
  m_PrefabInternal: {fileID: 1567845314}
  m_GameObject: {fileID: 603788767}
--- !u!1 &689892591
GameObject:
  m_ObjectHideFlags: 0
  m_PrefabParentObject: {fileID: 177092, guid: 99d4e8603f3c64a438b0c56b34f43213, type: 2}
  m_PrefabInternal: {fileID: 1567845314}
  serializedVersion: 4
  m_Component:
  - 4: {fileID: 689892592}
  m_Layer: 12
  m_Name: SelectionHalo
  m_TagString: Untagged
  m_Icon: {fileID: 0}
  m_NavMeshLayer: 0
  m_StaticEditorFlags: 0
  m_IsActive: 0
--- !u!4 &689892592
Transform:
  m_ObjectHideFlags: 0
  m_PrefabParentObject: {fileID: 477080, guid: 99d4e8603f3c64a438b0c56b34f43213, type: 2}
  m_PrefabInternal: {fileID: 1567845314}
  m_GameObject: {fileID: 689892591}
  m_LocalRotation: {x: 0, y: 0, z: 0, w: 1}
  m_LocalPosition: {x: 0, y: 0, z: 0}
  m_LocalScale: {x: 1, y: 1, z: 1}
  m_Children:
  - {fileID: 1652971519}
  m_Father: {fileID: 1150881695}
  m_RootOrder: 2
--- !u!1 &773787591
GameObject:
  m_ObjectHideFlags: 0
  m_PrefabParentObject: {fileID: 177078, guid: 99d4e8603f3c64a438b0c56b34f43213, type: 2}
  m_PrefabInternal: {fileID: 1567845314}
  serializedVersion: 4
  m_Component:
  - 224: {fileID: 773787592}
  - 222: {fileID: 773787594}
  - 114: {fileID: 773787593}
  m_Layer: 12
  m_Name: Fill
  m_TagString: Untagged
  m_Icon: {fileID: 0}
  m_NavMeshLayer: 0
  m_StaticEditorFlags: 0
  m_IsActive: 1
--- !u!224 &773787592
RectTransform:
  m_ObjectHideFlags: 0
  m_PrefabParentObject: {fileID: 22477078, guid: 99d4e8603f3c64a438b0c56b34f43213,
    type: 2}
  m_PrefabInternal: {fileID: 1567845314}
  m_GameObject: {fileID: 773787591}
  m_LocalRotation: {x: 0, y: 0, z: 0, w: 1}
  m_LocalPosition: {x: 0, y: 0, z: 0}
  m_LocalScale: {x: 1, y: 1, z: 1}
  m_Children: []
  m_Father: {fileID: 929385485}
  m_RootOrder: 0
  m_AnchorMin: {x: 0, y: 0}
  m_AnchorMax: {x: 0, y: 0}
  m_AnchoredPosition: {x: 0, y: 0}
  m_SizeDelta: {x: 0, y: 0}
  m_Pivot: {x: .5, y: .5}
--- !u!114 &773787593
MonoBehaviour:
  m_ObjectHideFlags: 0
  m_PrefabParentObject: {fileID: 11477080, guid: 99d4e8603f3c64a438b0c56b34f43213,
    type: 2}
  m_PrefabInternal: {fileID: 1567845314}
  m_GameObject: {fileID: 773787591}
  m_Enabled: 1
  m_EditorHideFlags: 0
  m_Script: {fileID: -765806418, guid: f5f67c52d1564df4a8936ccd202a3bd8, type: 3}
  m_Name: 
  m_EditorClassIdentifier: 
  m_Material: {fileID: 0}
  m_Color: {r: 0, g: 1, b: .379310369, a: 1}
  m_Sprite: {fileID: 10905, guid: 0000000000000000f000000000000000, type: 0}
  m_Type: 1
  m_PreserveAspect: 0
  m_FillCenter: 1
  m_FillMethod: 4
  m_FillAmount: 1
  m_FillClockwise: 1
  m_FillOrigin: 0
--- !u!222 &773787594
CanvasRenderer:
  m_ObjectHideFlags: 0
  m_PrefabParentObject: {fileID: 22277078, guid: 99d4e8603f3c64a438b0c56b34f43213,
    type: 2}
  m_PrefabInternal: {fileID: 1567845314}
  m_GameObject: {fileID: 773787591}
--- !u!1 &929385484
GameObject:
  m_ObjectHideFlags: 0
  m_PrefabParentObject: {fileID: 177080, guid: 99d4e8603f3c64a438b0c56b34f43213, type: 2}
  m_PrefabInternal: {fileID: 1567845314}
  serializedVersion: 4
  m_Component:
  - 224: {fileID: 929385485}
  m_Layer: 12
  m_Name: Fill Area
  m_TagString: Untagged
  m_Icon: {fileID: 0}
  m_NavMeshLayer: 0
  m_StaticEditorFlags: 0
  m_IsActive: 1
--- !u!224 &929385485
RectTransform:
  m_ObjectHideFlags: 0
  m_PrefabParentObject: {fileID: 22477084, guid: 99d4e8603f3c64a438b0c56b34f43213,
    type: 2}
  m_PrefabInternal: {fileID: 1567845314}
  m_GameObject: {fileID: 929385484}
  m_LocalRotation: {x: 0, y: 0, z: 0, w: 1}
  m_LocalPosition: {x: 0, y: 0, z: 0}
  m_LocalScale: {x: 1, y: 1, z: 1}
  m_Children:
  - {fileID: 773787592}
  m_Father: {fileID: 1487583420}
  m_RootOrder: 1
  m_AnchorMin: {x: 0, y: 0}
  m_AnchorMax: {x: 1, y: 1}
  m_AnchoredPosition: {x: 0, y: 0}
  m_SizeDelta: {x: 0, y: 0}
  m_Pivot: {x: .5, y: .5}
--- !u!1 &943827869
GameObject:
  m_ObjectHideFlags: 0
  m_PrefabParentObject: {fileID: 177084, guid: 99d4e8603f3c64a438b0c56b34f43213, type: 2}
  m_PrefabInternal: {fileID: 1567845314}
  serializedVersion: 4
  m_Component:
  - 224: {fileID: 943827870}
  m_Layer: 12
  m_Name: Handle Slide Area
  m_TagString: Untagged
  m_Icon: {fileID: 0}
  m_NavMeshLayer: 0
  m_StaticEditorFlags: 0
  m_IsActive: 1
--- !u!224 &943827870
RectTransform:
  m_ObjectHideFlags: 0
  m_PrefabParentObject: {fileID: 22477082, guid: 99d4e8603f3c64a438b0c56b34f43213,
    type: 2}
  m_PrefabInternal: {fileID: 1567845314}
  m_GameObject: {fileID: 943827869}
  m_LocalRotation: {x: 0, y: 0, z: 0, w: 1}
  m_LocalPosition: {x: 0, y: 0, z: 0}
  m_LocalScale: {x: 1, y: 1, z: 1}
  m_Children:
  - {fileID: 603788768}
  m_Father: {fileID: 1487583420}
  m_RootOrder: 2
  m_AnchorMin: {x: 0, y: 0}
  m_AnchorMax: {x: 1, y: 1}
  m_AnchoredPosition: {x: 0, y: 0}
  m_SizeDelta: {x: 0, y: 0}
  m_Pivot: {x: .5, y: .5}
--- !u!1 &1150881694
GameObject:
  m_ObjectHideFlags: 0
  m_PrefabParentObject: {fileID: 177098, guid: 99d4e8603f3c64a438b0c56b34f43213, type: 2}
  m_PrefabInternal: {fileID: 1567845314}
  serializedVersion: 4
  m_Component:
  - 4: {fileID: 1150881695}
  - 65: {fileID: 1150881697}
  - 114: {fileID: 1150881696}
  m_Layer: 12
  m_Name: Comp_Def_Armour
  m_TagString: Untagged
  m_Icon: {fileID: 0}
  m_NavMeshLayer: 0
  m_StaticEditorFlags: 0
  m_IsActive: 1
--- !u!4 &1150881695
Transform:
  m_ObjectHideFlags: 0
  m_PrefabParentObject: {fileID: 477084, guid: 99d4e8603f3c64a438b0c56b34f43213, type: 2}
  m_PrefabInternal: {fileID: 1567845314}
  m_GameObject: {fileID: 1150881694}
  m_LocalRotation: {x: 0, y: 0, z: 0, w: 1}
  m_LocalPosition: {x: 0, y: 0, z: 0}
  m_LocalScale: {x: 1, y: 1, z: 1}
  m_Children:
  - {fileID: 2133439995}
  - {fileID: 1942004196}
  - {fileID: 689892592}
  - {fileID: 339688949}
  - {fileID: 46990399}
  m_Father: {fileID: 0}
  m_RootOrder: 0
--- !u!114 &1150881696
MonoBehaviour:
  m_ObjectHideFlags: 0
  m_PrefabParentObject: {fileID: 11477078, guid: 99d4e8603f3c64a438b0c56b34f43213,
    type: 2}
  m_PrefabInternal: {fileID: 1567845314}
  m_GameObject: {fileID: 1150881694}
  m_Enabled: 1
  m_EditorHideFlags: 0
  m_Script: {fileID: 11500000, guid: 957283162e30d3b409cd338599f19360, type: 3}
  m_Name: 
  m_EditorClassIdentifier: 
  compType: 1
  componentName: Armour
  unlocked: 0
  activationCost: 0
  powerDrain: 0
  maxHP: 150
  canActivate: 0
  selectionHalo: {fileID: 689892591}
  hpBar: {fileID: 1487583421}
--- !u!65 &1150881697
BoxCollider:
  m_ObjectHideFlags: 0
  m_PrefabParentObject: {fileID: 6577078, guid: 99d4e8603f3c64a438b0c56b34f43213,
    type: 2}
  m_PrefabInternal: {fileID: 1567845314}
  m_GameObject: {fileID: 1150881694}
  m_Material: {fileID: 0}
  m_IsTrigger: 0
  m_Enabled: 1
  serializedVersion: 2
  m_Size: {x: 1.60000002, y: 1.60000002, z: 1.60000002}
  m_Center: {x: 0, y: 0, z: 0}
--- !u!1 &1173613021
GameObject:
  m_ObjectHideFlags: 0
  m_PrefabParentObject: {fileID: 177082, guid: 99d4e8603f3c64a438b0c56b34f43213, type: 2}
  m_PrefabInternal: {fileID: 1567845314}
  serializedVersion: 4
  m_Component:
  - 224: {fileID: 1173613022}
  - 222: {fileID: 1173613024}
  - 114: {fileID: 1173613023}
  m_Layer: 12
  m_Name: Background
  m_TagString: Untagged
  m_Icon: {fileID: 0}
  m_NavMeshLayer: 0
  m_StaticEditorFlags: 0
  m_IsActive: 1
--- !u!224 &1173613022
RectTransform:
  m_ObjectHideFlags: 0
  m_PrefabParentObject: {fileID: 22477086, guid: 99d4e8603f3c64a438b0c56b34f43213,
    type: 2}
  m_PrefabInternal: {fileID: 1567845314}
  m_GameObject: {fileID: 1173613021}
  m_LocalRotation: {x: 0, y: 0, z: 0, w: 1}
  m_LocalPosition: {x: 0, y: 0, z: 0}
  m_LocalScale: {x: 1, y: 1, z: 1}
  m_Children: []
  m_Father: {fileID: 1487583420}
  m_RootOrder: 0
  m_AnchorMin: {x: 0, y: 0}
  m_AnchorMax: {x: 1, y: 1}
  m_AnchoredPosition: {x: 0, y: 0}
  m_SizeDelta: {x: 0, y: 0}
  m_Pivot: {x: .5, y: .5}
--- !u!114 &1173613023
MonoBehaviour:
  m_ObjectHideFlags: 0
  m_PrefabParentObject: {fileID: 11477082, guid: 99d4e8603f3c64a438b0c56b34f43213,
    type: 2}
  m_PrefabInternal: {fileID: 1567845314}
  m_GameObject: {fileID: 1173613021}
  m_Enabled: 1
  m_EditorHideFlags: 0
  m_Script: {fileID: -765806418, guid: f5f67c52d1564df4a8936ccd202a3bd8, type: 3}
  m_Name: 
  m_EditorClassIdentifier: 
  m_Material: {fileID: 0}
  m_Color: {r: 1, g: 1, b: 1, a: 1}
  m_Sprite: {fileID: 10907, guid: 0000000000000000f000000000000000, type: 0}
  m_Type: 1
  m_PreserveAspect: 0
  m_FillCenter: 1
  m_FillMethod: 4
  m_FillAmount: 1
  m_FillClockwise: 1
  m_FillOrigin: 0
--- !u!222 &1173613024
CanvasRenderer:
  m_ObjectHideFlags: 0
  m_PrefabParentObject: {fileID: 22277080, guid: 99d4e8603f3c64a438b0c56b34f43213,
    type: 2}
  m_PrefabInternal: {fileID: 1567845314}
  m_GameObject: {fileID: 1173613021}
--- !u!1 &1290520829
GameObject:
  m_ObjectHideFlags: 0
  m_PrefabParentObject: {fileID: 0}
  m_PrefabInternal: {fileID: 0}
  serializedVersion: 4
  m_Component:
  - 4: {fileID: 1290520830}
  m_Layer: 0
  m_Name: Weapons
  m_TagString: Untagged
  m_Icon: {fileID: 0}
  m_NavMeshLayer: 0
  m_StaticEditorFlags: 0
  m_IsActive: 1
--- !u!4 &1290520830
Transform:
  m_ObjectHideFlags: 0
  m_PrefabParentObject: {fileID: 0}
  m_PrefabInternal: {fileID: 0}
  m_GameObject: {fileID: 1290520829}
  m_LocalRotation: {x: 0, y: 0, z: 0, w: 1}
  m_LocalPosition: {x: 0, y: 0, z: 0}
  m_LocalScale: {x: 1, y: 1, z: 1}
  m_Children:
  - {fileID: 1889140418}
  - {fileID: 2098180859}
  - {fileID: 1291015071}
  - {fileID: 463407488}
  m_Father: {fileID: 0}
  m_RootOrder: 3
--- !u!1 &1291015070
GameObject:
  m_ObjectHideFlags: 0
  m_PrefabParentObject: {fileID: 100000, guid: 232b7af326067a647a09db6e192ebd32, type: 3}
  m_PrefabInternal: {fileID: 1386690900}
  serializedVersion: 4
  m_Component:
  - 4: {fileID: 1291015071}
  - 33: {fileID: 1291015074}
  - 23: {fileID: 1291015073}
  - 95: {fileID: 1291015072}
  m_Layer: 0
  m_Name: weapon02
  m_TagString: Untagged
  m_Icon: {fileID: 0}
  m_NavMeshLayer: 0
  m_StaticEditorFlags: 0
  m_IsActive: 1
--- !u!4 &1291015071
Transform:
  m_ObjectHideFlags: 0
  m_PrefabParentObject: {fileID: 400000, guid: 232b7af326067a647a09db6e192ebd32, type: 3}
  m_PrefabInternal: {fileID: 1386690900}
  m_GameObject: {fileID: 1291015070}
  m_LocalRotation: {x: 2.18556941e-08, y: 0, z: -0, w: 1}
  m_LocalPosition: {x: -14.5810347, y: -.0806152299, z: 24.1554432}
  m_LocalScale: {x: .899999976, y: 1, z: 1}
  m_Children: []
  m_Father: {fileID: 1290520830}
  m_RootOrder: 2
--- !u!95 &1291015072
Animator:
  serializedVersion: 3
  m_ObjectHideFlags: 0
  m_PrefabParentObject: {fileID: 9500000, guid: 232b7af326067a647a09db6e192ebd32,
    type: 3}
  m_PrefabInternal: {fileID: 1386690900}
  m_GameObject: {fileID: 1291015070}
  m_Enabled: 1
  m_Avatar: {fileID: 9000000, guid: 232b7af326067a647a09db6e192ebd32, type: 3}
  m_Controller: {fileID: 0}
  m_CullingMode: 0
  m_UpdateMode: 0
  m_ApplyRootMotion: 1
  m_HasTransformHierarchy: 1
  m_AllowConstantClipSamplingOptimization: 1
--- !u!23 &1291015073
Renderer:
  m_ObjectHideFlags: 0
  m_PrefabParentObject: {fileID: 2300000, guid: 232b7af326067a647a09db6e192ebd32,
    type: 3}
  m_PrefabInternal: {fileID: 1386690900}
  m_GameObject: {fileID: 1291015070}
  m_Enabled: 1
  m_CastShadows: 1
  m_ReceiveShadows: 1
  m_LightmapIndex: 255
  m_LightmapTilingOffset: {x: 1, y: 1, z: 0, w: 0}
  m_Materials:
  - {fileID: 2100000, guid: 9c0d8356d2c63b549b47c212d7c86e3e, type: 2}
  m_SubsetIndices: 
  m_StaticBatchRoot: {fileID: 0}
  m_UseLightProbes: 0
  m_LightProbeAnchor: {fileID: 0}
  m_ScaleInLightmap: 1
  m_SortingLayerID: 0
  m_SortingOrder: 0
--- !u!33 &1291015074
MeshFilter:
  m_ObjectHideFlags: 0
  m_PrefabParentObject: {fileID: 3300000, guid: 232b7af326067a647a09db6e192ebd32,
    type: 3}
  m_PrefabInternal: {fileID: 1386690900}
  m_GameObject: {fileID: 1291015070}
  m_Mesh: {fileID: 4300000, guid: 232b7af326067a647a09db6e192ebd32, type: 3}
--- !u!1001 &1386690900
Prefab:
  m_ObjectHideFlags: 0
  serializedVersion: 2
  m_Modification:
    m_TransformParent: {fileID: 1290520830}
    m_Modifications:
    - target: {fileID: 400000, guid: 232b7af326067a647a09db6e192ebd32, type: 3}
      propertyPath: m_LocalPosition.x
      value: -14.5810347
      objectReference: {fileID: 0}
    - target: {fileID: 400000, guid: 232b7af326067a647a09db6e192ebd32, type: 3}
      propertyPath: m_LocalPosition.y
      value: -.0806152299
      objectReference: {fileID: 0}
    - target: {fileID: 400000, guid: 232b7af326067a647a09db6e192ebd32, type: 3}
      propertyPath: m_LocalPosition.z
      value: 24.1554432
      objectReference: {fileID: 0}
    - target: {fileID: 400000, guid: 232b7af326067a647a09db6e192ebd32, type: 3}
      propertyPath: m_LocalRotation.x
      value: 2.18556941e-08
      objectReference: {fileID: 0}
    - target: {fileID: 400000, guid: 232b7af326067a647a09db6e192ebd32, type: 3}
      propertyPath: m_LocalRotation.y
      value: 0
      objectReference: {fileID: 0}
    - target: {fileID: 400000, guid: 232b7af326067a647a09db6e192ebd32, type: 3}
      propertyPath: m_LocalRotation.z
      value: -0
      objectReference: {fileID: 0}
    - target: {fileID: 400000, guid: 232b7af326067a647a09db6e192ebd32, type: 3}
      propertyPath: m_LocalRotation.w
      value: 1
      objectReference: {fileID: 0}
    m_RemovedComponents: []
  m_ParentPrefab: {fileID: 100100000, guid: 232b7af326067a647a09db6e192ebd32, type: 3}
  m_RootGameObject: {fileID: 1291015070}
  m_IsPrefabParent: 0
  m_IsExploded: 1
--- !u!1 &1487583419
GameObject:
  m_ObjectHideFlags: 0
  m_PrefabParentObject: {fileID: 177088, guid: 99d4e8603f3c64a438b0c56b34f43213, type: 2}
  m_PrefabInternal: {fileID: 1567845314}
  serializedVersion: 4
  m_Component:
  - 224: {fileID: 1487583420}
  - 114: {fileID: 1487583421}
  m_Layer: 12
  m_Name: Slider
  m_TagString: Untagged
  m_Icon: {fileID: 0}
  m_NavMeshLayer: 0
  m_StaticEditorFlags: 0
  m_IsActive: 1
--- !u!224 &1487583420
RectTransform:
  m_ObjectHideFlags: 0
  m_PrefabParentObject: {fileID: 22477088, guid: 99d4e8603f3c64a438b0c56b34f43213,
    type: 2}
  m_PrefabInternal: {fileID: 1567845314}
  m_GameObject: {fileID: 1487583419}
  m_LocalRotation: {x: 0, y: 0, z: 0, w: 1}
  m_LocalPosition: {x: 0, y: 0, z: 0}
  m_LocalScale: {x: 1, y: 1, z: 1}
  m_Children:
  - {fileID: 1173613022}
  - {fileID: 929385485}
  - {fileID: 943827870}
  m_Father: {fileID: 339688949}
  m_RootOrder: 0
  m_AnchorMin: {x: 0, y: 0}
  m_AnchorMax: {x: 1, y: 1}
  m_AnchoredPosition: {x: 0, y: 0}
  m_SizeDelta: {x: 0, y: 0}
  m_Pivot: {x: .5, y: .5}
--- !u!114 &1487583421
MonoBehaviour:
  m_ObjectHideFlags: 0
  m_PrefabParentObject: {fileID: 11477086, guid: 99d4e8603f3c64a438b0c56b34f43213,
    type: 2}
  m_PrefabInternal: {fileID: 1567845314}
  m_GameObject: {fileID: 1487583419}
  m_Enabled: 1
  m_EditorHideFlags: 0
  m_Script: {fileID: -113659843, guid: f5f67c52d1564df4a8936ccd202a3bd8, type: 3}
  m_Name: 
  m_EditorClassIdentifier: 
  m_Navigation:
    m_Mode: 3
    m_SelectOnUp: {fileID: 0}
    m_SelectOnDown: {fileID: 0}
    m_SelectOnLeft: {fileID: 0}
    m_SelectOnRight: {fileID: 0}
  m_Transition: 1
  m_Colors:
    m_NormalColor: {r: 1, g: 1, b: 1, a: 1}
    m_HighlightedColor: {r: .960784316, g: .960784316, b: .960784316, a: 1}
    m_PressedColor: {r: .784313738, g: .784313738, b: .784313738, a: 1}
    m_DisabledColor: {r: .784313738, g: .784313738, b: .784313738, a: .501960814}
    m_ColorMultiplier: 1
    m_FadeDuration: .100000001
  m_SpriteState:
    m_HighlightedSprite: {fileID: 0}
    m_PressedSprite: {fileID: 0}
    m_DisabledSprite: {fileID: 0}
  m_AnimationTriggers:
    m_NormalTrigger: Normal
    m_HighlightedTrigger: Highlighted
    m_PressedTrigger: Pressed
    m_DisabledTrigger: Disabled
  m_Interactable: 1
  m_TargetGraphic: {fileID: 603788769}
  m_FillRect: {fileID: 773787592}
  m_HandleRect: {fileID: 603788768}
  m_Direction: 0
  m_MinValue: 0
  m_MaxValue: 1
  m_WholeNumbers: 0
  m_Value: 1
  m_OnValueChanged:
    m_PersistentCalls:
      m_Calls: []
    m_TypeName: UnityEngine.UI.Slider+SliderEvent, UnityEngine.UI, Version=1.0.0.0,
      Culture=neutral, PublicKeyToken=null
--- !u!1 &1493249438
GameObject:
  m_ObjectHideFlags: 0
  m_PrefabParentObject: {fileID: 177302, guid: 99d4e8603f3c64a438b0c56b34f43213, type: 2}
  m_PrefabInternal: {fileID: 1567845314}
  serializedVersion: 4
  m_Component:
  - 4: {fileID: 1493249439}
  - 33: {fileID: 1493249442}
  - 23: {fileID: 1493249441}
  - 65: {fileID: 1493249440}
  m_Layer: 12
  m_Name: Crate
  m_TagString: Untagged
  m_Icon: {fileID: 0}
  m_NavMeshLayer: 0
  m_StaticEditorFlags: 0
  m_IsActive: 1
--- !u!4 &1493249439
Transform:
  m_ObjectHideFlags: 0
  m_PrefabParentObject: {fileID: 477302, guid: 99d4e8603f3c64a438b0c56b34f43213, type: 2}
  m_PrefabInternal: {fileID: 1567845314}
  m_GameObject: {fileID: 1493249438}
  m_LocalRotation: {x: 0, y: -0, z: -0, w: 1}
  m_LocalPosition: {x: -0, y: 0, z: 0}
  m_LocalScale: {x: 1, y: 1, z: 1}
  m_Children: []
  m_Father: {fileID: 1942004196}
  m_RootOrder: 0
--- !u!65 &1493249440
BoxCollider:
  m_ObjectHideFlags: 0
  m_PrefabParentObject: {fileID: 6577304, guid: 99d4e8603f3c64a438b0c56b34f43213,
    type: 2}
  m_PrefabInternal: {fileID: 1567845314}
  m_GameObject: {fileID: 1493249438}
  m_Material: {fileID: 0}
  m_IsTrigger: 0
  m_Enabled: 0
  serializedVersion: 2
  m_Size: {x: 5.30000019, y: 5.30000019, z: 5.30000019}
  m_Center: {x: 0, y: 0, z: 0}
--- !u!23 &1493249441
Renderer:
  m_ObjectHideFlags: 0
  m_PrefabParentObject: {fileID: 2377304, guid: 99d4e8603f3c64a438b0c56b34f43213,
    type: 2}
  m_PrefabInternal: {fileID: 1567845314}
  m_GameObject: {fileID: 1493249438}
  m_Enabled: 1
  m_CastShadows: 1
  m_ReceiveShadows: 1
  m_LightmapIndex: 255
  m_LightmapTilingOffset: {x: 1, y: 1, z: 0, w: 0}
  m_Materials:
  - {fileID: 2100000, guid: b8b5dc7de3943ba45a1b784e05aef7ca, type: 2}
  m_SubsetIndices: 
  m_StaticBatchRoot: {fileID: 0}
  m_UseLightProbes: 0
  m_LightProbeAnchor: {fileID: 0}
  m_ScaleInLightmap: 1
  m_SortingLayerID: 0
  m_SortingOrder: 0
--- !u!33 &1493249442
MeshFilter:
  m_ObjectHideFlags: 0
  m_PrefabParentObject: {fileID: 3377304, guid: 99d4e8603f3c64a438b0c56b34f43213,
    type: 2}
  m_PrefabInternal: {fileID: 1567845314}
  m_GameObject: {fileID: 1493249438}
  m_Mesh: {fileID: 4300000, guid: d157892d9fafaba479d655aafce19349, type: 3}
--- !u!1001 &1567845314
Prefab:
  m_ObjectHideFlags: 0
  serializedVersion: 2
  m_Modification:
    m_TransformParent: {fileID: 0}
    m_Modifications:
    - target: {fileID: 477084, guid: 99d4e8603f3c64a438b0c56b34f43213, type: 2}
      propertyPath: m_LocalPosition.x
      value: 0
      objectReference: {fileID: 0}
    - target: {fileID: 477084, guid: 99d4e8603f3c64a438b0c56b34f43213, type: 2}
      propertyPath: m_LocalPosition.y
      value: 0
      objectReference: {fileID: 0}
    - target: {fileID: 477084, guid: 99d4e8603f3c64a438b0c56b34f43213, type: 2}
      propertyPath: m_LocalPosition.z
      value: 0
      objectReference: {fileID: 0}
    - target: {fileID: 477084, guid: 99d4e8603f3c64a438b0c56b34f43213, type: 2}
      propertyPath: m_LocalRotation.x
      value: 0
      objectReference: {fileID: 0}
    - target: {fileID: 477084, guid: 99d4e8603f3c64a438b0c56b34f43213, type: 2}
      propertyPath: m_LocalRotation.y
      value: 0
      objectReference: {fileID: 0}
    - target: {fileID: 477084, guid: 99d4e8603f3c64a438b0c56b34f43213, type: 2}
      propertyPath: m_LocalRotation.z
      value: 0
      objectReference: {fileID: 0}
    - target: {fileID: 477084, guid: 99d4e8603f3c64a438b0c56b34f43213, type: 2}
      propertyPath: m_LocalRotation.w
      value: 1
      objectReference: {fileID: 0}
    - target: {fileID: 477084, guid: 99d4e8603f3c64a438b0c56b34f43213, type: 2}
      propertyPath: m_RootOrder
      value: 0
      objectReference: {fileID: 0}
    m_RemovedComponents: []
  m_ParentPrefab: {fileID: 100100000, guid: 99d4e8603f3c64a438b0c56b34f43213, type: 2}
  m_RootGameObject: {fileID: 1150881694}
  m_IsPrefabParent: 0
  m_IsExploded: 1
--- !u!1 &1606652804
GameObject:
  m_ObjectHideFlags: 0
  m_PrefabParentObject: {fileID: 0}
  m_PrefabInternal: {fileID: 0}
  serializedVersion: 4
  m_Component:
  - 4: {fileID: 1606652806}
  - 108: {fileID: 1606652805}
  m_Layer: 0
  m_Name: Directional light
  m_TagString: Untagged
  m_Icon: {fileID: 0}
  m_NavMeshLayer: 0
  m_StaticEditorFlags: 0
  m_IsActive: 1
--- !u!108 &1606652805
Light:
  m_ObjectHideFlags: 0
  m_PrefabParentObject: {fileID: 0}
  m_PrefabInternal: {fileID: 0}
  m_GameObject: {fileID: 1606652804}
  m_Enabled: 1
  serializedVersion: 3
  m_Type: 1
  m_Color: {r: 1, g: 1, b: 1, a: 1}
  m_Intensity: .5
  m_Range: 10
  m_SpotAngle: 30
  m_CookieSize: 10
  m_Shadows:
    m_Type: 2
    m_Resolution: 3
    m_Strength: 1
    m_Bias: .0500000007
    m_Softness: 4
    m_SoftnessFade: 1
  m_Cookie: {fileID: 0}
  m_DrawHalo: 0
  m_ActuallyLightmapped: 0
  m_Flare: {fileID: 0}
  m_RenderMode: 0
  m_CullingMask:
    serializedVersion: 2
    m_Bits: 4294967295
  m_Lightmapping: 1
  m_ShadowSamples: 1
  m_ShadowRadius: 0
  m_ShadowAngle: 0
  m_IndirectIntensity: 1
  m_AreaSize: {x: 1, y: 1}
--- !u!4 &1606652806
Transform:
  m_ObjectHideFlags: 0
  m_PrefabParentObject: {fileID: 0}
  m_PrefabInternal: {fileID: 0}
  m_GameObject: {fileID: 1606652804}
  m_LocalRotation: {x: -.805425286, y: .142870694, z: -.21581313, w: -.533200502}
  m_LocalPosition: {x: 0, y: 0, z: 0}
  m_LocalScale: {x: 1, y: 1, z: 1}
  m_Children: []
  m_Father: {fileID: 0}
  m_RootOrder: 1
--- !u!1 &1652971518
GameObject:
  m_ObjectHideFlags: 0
  m_PrefabParentObject: {fileID: 177090, guid: 99d4e8603f3c64a438b0c56b34f43213, type: 2}
  m_PrefabInternal: {fileID: 1567845314}
  serializedVersion: 4
  m_Component:
  - 4: {fileID: 1652971519}
  - 198: {fileID: 1652971522}
  - 199: {fileID: 1652971521}
  - 114: {fileID: 1652971520}
  m_Layer: 12
  m_Name: SelectionHalo_Blue
  m_TagString: Untagged
  m_Icon: {fileID: 2800000, guid: 344d4b0036e1d401e8c6c53be26368f0, type: 3}
  m_NavMeshLayer: 0
  m_StaticEditorFlags: 0
  m_IsActive: 1
--- !u!4 &1652971519
Transform:
  m_ObjectHideFlags: 0
  m_PrefabParentObject: {fileID: 477078, guid: 99d4e8603f3c64a438b0c56b34f43213, type: 2}
  m_PrefabInternal: {fileID: 1567845314}
  m_GameObject: {fileID: 1652971518}
  m_LocalRotation: {x: 0, y: 1, z: 0, w: -1.62920685e-07}
  m_LocalPosition: {x: 81, y: -2752520, z: -1}
  m_LocalScale: {x: 1, y: 1, z: 1}
  m_Children: []
  m_Father: {fileID: 689892592}
  m_RootOrder: 0
--- !u!114 &1652971520
MonoBehaviour:
  m_ObjectHideFlags: 0
  m_PrefabParentObject: {fileID: 11477092, guid: 99d4e8603f3c64a438b0c56b34f43213,
    type: 2}
  m_PrefabInternal: {fileID: 1567845314}
  m_GameObject: {fileID: 1652971518}
  m_Enabled: 1
  m_EditorHideFlags: 0
  m_Script: {fileID: 11500000, guid: a095f32c8084a4b1ba25c9153255dd10, type: 3}
  m_Name: 
  m_EditorClassIdentifier: 
  source: 0
  activeState: 0
  emit: 1
  loop: 1
  clearParticlesOnEmissionStop: 0
  disableOnDone: 0
  disableOnDoneRoutine: 0
  updateRate: 1
  calculate: 1
  calculateDeltaMovement: 1
  deltaMovementStrength: 10
  worldObjectUpdateVertices: 0
  worldObjectUpdateNormals: 0
  nearestNeighborOrigin: 0
  particleCount: 1000
  emissionRate: 1
  overflowMode: 0
  overflowOffset: {x: 0, y: 0, z: 0}
  applySourceScatter: 1
  sourceScatterMin: {x: 0, y: 0, z: 0}
  sourceScatterMax: {x: 0, y: 0, z: 0}
  sorting: 3
  lifetimeSorting:
    serializedVersion: 2
    m_Curve: []
    m_PreInfinity: 2
    m_PostInfinity: 2
  sizeMin: 1
  sizeMax: 1
  scale: 1
  initialRotationMin: 0
  initialRotationMax: 0
  rotationSpeedMin: 0
  rotationSpeedMax: 0
  rotateTowardsDirection: 0
  rotationNormal: {x: -0, y: -0, z: -1}
  lifetimeValueMethod: 0
  lifetime: 1
  lifetimeMin: 0
  lifetimeOffset: 0
  applyLifetimeSize: 0
  lifetimeSize:
    serializedVersion: 2
    m_Curve:
    - time: 0
      value: 1
      inSlope: 0
      outSlope: 0
      tangentMode: 0
    - time: .497893661
      value: 2.02390242
      inSlope: 24.1636333
      outSlope: 24.1636333
      tangentMode: 0
    - time: 1.00319886
      value: 1.01870155
      inSlope: 0
      outSlope: 0
      tangentMode: 0
    m_PreInfinity: 2
    m_PostInfinity: 2
  onlySourcePositioning: 1
  onlyLifetimePositioning: 0
  lifetimePositioning:
    x:
      serializedVersion: 2
      m_Curve:
      - time: 0
        value: 0
        inSlope: 0
        outSlope: 0
        tangentMode: 0
      - time: 1
        value: 0
        inSlope: 0
        outSlope: 0
        tangentMode: 0
      m_PreInfinity: 2
      m_PostInfinity: 2
    y:
      serializedVersion: 2
      m_Curve:
      - time: 0
        value: 0
        inSlope: 0
        outSlope: 0
        tangentMode: 0
      - time: 1
        value: 0
        inSlope: 0
        outSlope: 0
        tangentMode: 0
      m_PreInfinity: 2
      m_PostInfinity: 2
    z:
      serializedVersion: 2
      m_Curve:
      - time: 0
        value: 0
        inSlope: 0
        outSlope: 0
        tangentMode: 0
      - time: 1
        value: 0
        inSlope: 0
        outSlope: 0
        tangentMode: 0
      m_PreInfinity: 2
      m_PostInfinity: 2
    xRepeat: 1
    yRepeat: 1
    zRepeat: 1
  applyLifetimePositioningTimeScale: 0
  applyLifetimePositioningPositionScale: 0
  lifetimePositioningTimeScale:
    serializedVersion: 2
    m_Curve:
    - time: 0
      value: 1
      inSlope: 0
      outSlope: 0
      tangentMode: 0
    - time: 1
      value: 1
      inSlope: 0
      outSlope: 0
      tangentMode: 0
    m_PreInfinity: 2
    m_PostInfinity: 2
  lifetimePositioningPositionScale:
    serializedVersion: 2
    m_Curve:
    - time: 0
      value: 1
      inSlope: 0
      outSlope: 0
      tangentMode: 0
    - time: 1
      value: 1
      inSlope: 0
      outSlope: 0
      tangentMode: 0
    m_PreInfinity: 2
    m_PostInfinity: 2
  lifetimePositioningScale: 1
  lifetimePositioningUsesSourceDirection: 0
  applyLifetimeVelocity: 0
  lifetimeVelocity:
    x:
      serializedVersion: 2
      m_Curve:
      - time: 0
        value: 0
        inSlope: 0
        outSlope: 0
        tangentMode: 0
      - time: 1
        value: 0
        inSlope: 0
        outSlope: 0
        tangentMode: 0
      m_PreInfinity: 2
      m_PostInfinity: 2
    y:
      serializedVersion: 2
      m_Curve:
      - time: 0
        value: 0
        inSlope: 0
        outSlope: 0
        tangentMode: 0
      - time: 1
        value: 0
        inSlope: 0
        outSlope: 0
        tangentMode: 0
      m_PreInfinity: 2
      m_PostInfinity: 2
    z:
      serializedVersion: 2
      m_Curve:
      - time: 0
        value: 0
        inSlope: 0
        outSlope: 0
        tangentMode: 0
      - time: 1
        value: 0
        inSlope: 0
        outSlope: 0
        tangentMode: 0
      m_PreInfinity: 2
      m_PostInfinity: 2
    xRepeat: 1
    yRepeat: 1
    zRepeat: 1
  lifetimeVelocityScale: 1
  applyInitialVelocity: 0
  initialVelocityMin: {x: 0, y: 0, z: 0}
  initialVelocityMax: {x: 0, y: 0, z: 0}
  applyInitialLocalVelocity: 0
  initialLocalVelocityMin: {x: -1, y: 6, z: -1}
  initialLocalVelocityMax: {x: 1, y: 8, z: 1}
  applyInitialVelocityShape: 0
  initialVelocityShape:
    x:
      serializedVersion: 2
      m_Curve:
      - time: 0
        value: 1
        inSlope: 0
        outSlope: 0
        tangentMode: 0
      - time: 1
        value: 1
        inSlope: 0
        outSlope: 0
        tangentMode: 0
      m_PreInfinity: 2
      m_PostInfinity: 2
    y:
      serializedVersion: 2
      m_Curve:
      - time: 0
        value: 1
        inSlope: 0
        outSlope: 0
        tangentMode: 0
      - time: 1
        value: 1
        inSlope: 0
        outSlope: 0
        tangentMode: 0
      m_PreInfinity: 2
      m_PostInfinity: 2
    z:
      serializedVersion: 2
      m_Curve:
      - time: 0
        value: 1
        inSlope: 0
        outSlope: 0
        tangentMode: 0
      - time: 1
        value: 1
        inSlope: 0
        outSlope: 0
        tangentMode: 0
      m_PreInfinity: 2
      m_PostInfinity: 2
    xRepeat: 1
    yRepeat: 1
    zRepeat: 1
  initialVelocityShapeScale: 1
  applyVelocityBending: 0
  velocityBending: {x: 0, y: 0, z: 0}
  velocityBendingType: 0
  gravity: {x: 0, y: 9.81000042, z: 0}
  maxVelocity: 100
  axisConstraints:
    x: 0
    y: 0
    z: 0
  damping: 0
  velocityScale: 1
  lifetimeColor:
    key0:
      serializedVersion: 2
      rgba: 4294967295
    key1:
      serializedVersion: 2
      rgba: 4294967295
    key2:
      serializedVersion: 2
      rgba: 0
    key3:
      serializedVersion: 2
      rgba: 0
    key4:
      serializedVersion: 2
      rgba: 0
    key5:
      serializedVersion: 2
      rgba: 0
    key6:
      serializedVersion: 2
      rgba: 0
    key7:
      serializedVersion: 2
      rgba: 0
    ctime0: 0
    ctime1: 65535
    ctime2: 0
    ctime3: 0
    ctime4: 0
    ctime5: 0
    ctime6: 0
    ctime7: 0
    atime0: 0
    atime1: 65535
    atime2: 0
    atime3: 0
    atime4: 0
    atime5: 0
    atime6: 0
    atime7: 0
    m_NumColorKeys: 2
    m_NumAlphaKeys: 2
  lifetimeColors: []
  colorSource: 0
  sourceUsesLifetimeAlpha: 0
  applyLocalSpaceMovementCompensation: 1
  applyRandomSizeOnRebirth: 1
  applyRandomInitialVelocityOnRebirth: 1
  applyRandomRotationOnRebirth: 1
  applyRandomScatterOnRebirth: 0
  applyInitialColorOnRebirth: 0
  applyRandomLifetimeOnRebirth: 1
  pauseCalculationWhenInvisible: 0
  forceVisibilityWhenOutOfFrustrum: 1
  syncPositionsOnMainThread: 0
  applyLockPosition: 0
  applyLockRotation: 0
  applyLockScale: 0
  lockPositionIsLocal: 0
  lockRotationIsLocal: 0
  lockPosition: {x: 0, y: 0, z: 0}
  lockRotation: {x: 0, y: 0, z: 0}
  lockScale: {x: 1, y: 1, z: 1}
  applyMovementCompensationLifetimeStrength: 0
  movementCompensationLifetimeStrength:
    serializedVersion: 2
    m_Curve: []
    m_PreInfinity: 2
    m_PostInfinity: 2
  particleMask: 0
  particleMaskTime: 0
  stretchSpeed: 1
  stretchStartDirection: {x: 0, y: 0, z: 0}
  applyLifetimeStretching: 0
  stretchLifetime:
    serializedVersion: 2
    m_Curve: []
    m_PreInfinity: 2
    m_PostInfinity: 2
  threadMethod: 0
  scriptedEmissionIndex: 0
  scriptedEmissionPosition: {x: 0, y: 0, z: 0}
  scriptedEmissionVelocity: {x: 0, y: 0, z: 0}
  scriptedEmissionColor: {r: 1, g: 1, b: 1, a: 1}
  collision: 0
  affectRigidbodies: 1
  mass: .00999999978
  collisionRadius: .100000001
  collisionMask:
    serializedVersion: 2
    m_Bits: 4294967295
  lifetimeLoss: 0
  bounciness: .5
  bounceRandomMin: {x: 0, y: 0, z: 0}
  bounceRandomMax: {x: 0, y: 0, z: 0}
  colliders: []
  collisionType: 0
  minCollisionDepth: 0
  maxCollisionDepth: 0
  states:
  - stateTexture: {fileID: 0}
    stateDepthmap: {fileID: 0}
    stateDepthmapStrength: 1
    stateMesh: {fileID: 10202, guid: 0000000000000000e000000000000000, type: 0}
    stateName: Cube
    stateScale: 1
    stateOffset: {x: 0, y: 0, z: 0}
    stateTransform: {fileID: 2133439995}
    initialized: 1
    colorLength: 24
    positionLength: 24
  worldObject:
    gameObject: {fileID: 0}
    transform: {fileID: 0}
    rigidbody: {fileID: 0}
    meshFilter: {fileID: 0}
    mesh: {fileID: 0}
    vertexPositions: []
    normals: []
    updateNormals: 1
    renderer: {fileID: 0}
  skinnedWorldObject:
    gameObject: {fileID: 0}
    transform: {fileID: 0}
    rigidbody: {fileID: 0}
    meshFilter: {fileID: 0}
    mesh: {fileID: 0}
    vertexPositions: []
    normals: []
    updateNormals: 1
    downResolution: 0
    renderer: {fileID: 0}
    isDoneThread: 1
  sourceTransform: {fileID: 1652971519}
  paint:
    paintPositions: []
    positionLength: 0
    lastPaintPosition: {x: 0, y: 0, z: 0}
    collisionType: 0
    minDepth: -1
    maxDepth: 1
    spacing: 0
    layerMask:
      serializedVersion: 2
      m_Bits: 4294967295
    brush:
      texture: {fileID: 0}
      scale: 1
      detail: 1
      distance: 10000
      color: []
      colorLength: 0
    exceedMaxStopsPaint: 0
    initialized: 0
  projection:
    projectionTexture: {fileID: 0}
    projectionOrigin: {x: 0, y: 0}
    projectionTransform: {fileID: 1652971519}
    projectionMatrix:
      e00: 0
      e01: 0
      e02: 0
      e03: 0
      e10: 0
      e11: 0
      e12: 0
      e13: 0
      e20: 0
      e21: 0
      e22: 0
      e23: 0
      e30: 0
      e31: 0
      e32: 0
      e33: 0
    projectionPosition: {x: 0, y: 0, z: 0}
    projectionDirection: {x: 0, y: 0, z: 0}
    projectionRotation: {x: 0, y: 0, z: 0, w: 0}
    projectionDistance: 1000
    projectionScale: .100000001
    projectionMask:
      serializedVersion: 2
      m_Bits: 4294967295
    collisionType: 0
    minDepth: -1
    maxDepth: 1
    surfaceOffset: 0
    liveUpdate: 1
    hasRefreshed: 0
    initialized: 0
    colorLength: 0
    positionLength: 0
  manipulators: []
  events: []
  snapshots: []
  loadFromStart: 0
  loadFrom: 0
  loadTransition: 0
  loadTransitionType: 0
  loadTransitionTime: 1
  snapshotData:
    initialSize: []
    size: []
    rotation: []
    life: []
    lifetimeSubtraction: []
    birth: []
    birthDelay: []
    death: []
    emission: 
    rebirth: 
    lifetimeOffset: []
    velocity: []
    initialVelocity: []
    initialLocalVelocity: []
    position: []
    targetPosition: []
    targetDirection: []
    previousTargetPosition: []
    previousParticlePosition: []
    collisionParticlePosition: []
    localSpaceMovementCompensation: []
    scatterPosition: []
    initialRotation: []
    rotationSpeed: []
    color: []
    scriptedColor: []
    initialColor: []
    lifetimeColorId: 
    noForce: 
    isNonBirthed: 
    isFirstLoop: 
    simulate: 
    changedByProperty: 
    changedByPropertyColor: 
    changedByPropertyColorLerp: 
    changedByPropertyColorKeepAlpha: 
    changedByPropertySize: 
    changedByPropertyTarget: 
    changedByPropertyDeath: 
    propertyTarget: 
    propertyId: 
    propertyColorId: 
    manipulatorId: 
    excludeFromManipulatorId: 
    isMasked: 
    maskAlpha: []
  timeOfSnapshot: 0
  isSnapshot: 0
  shurikenParticleSystem: {fileID: 1652971522}
  particleSystemId: 3
  particleSystemGameObject: {fileID: 1652971518}
  particleSystemTransform: {fileID: 1652971519}
  particleSystemRenderer: {fileID: 1652971521}
  particleSystemRenderer2: {fileID: 1652971521}
  eventControlledBy: []
  turbulenceType: 0
  turbulenceStrength: 10
  turbulenceScale: 1
  turbulenceTimeScale: 1
  turbulenceApplyLifetimeStrength: 0
  turbulenceLifetimeStrength:
    serializedVersion: 2
    m_Curve: []
    m_PreInfinity: 2
    m_PostInfinity: 2
  isReadyForThreadedCalculations: 0
  localDeltaTime: .0174560547
  previousActiveState: 0
  simulationStarted: 363.588257
  loopExceeded: 0
  loopExceededOnParticle: -1
  isDoneThread: 1
--- !u!199 &1652971521
ParticleSystemRenderer:
  m_ObjectHideFlags: 0
  m_PrefabParentObject: {fileID: 19977078, guid: 99d4e8603f3c64a438b0c56b34f43213,
    type: 2}
  m_PrefabInternal: {fileID: 1567845314}
  m_GameObject: {fileID: 1652971518}
  m_Enabled: 1
  m_CastShadows: 0
  m_ReceiveShadows: 0
  m_LightmapIndex: 255
  m_LightmapTilingOffset: {x: 1, y: 1, z: 0, w: 0}
  m_Materials:
  - {fileID: 2100000, guid: b9ac502602a54534b82b5107005309ed, type: 2}
  m_SubsetIndices: 
  m_StaticBatchRoot: {fileID: 0}
  m_UseLightProbes: 0
  m_LightProbeAnchor: {fileID: 0}
  m_ScaleInLightmap: 1
  m_SortingLayerID: 0
  m_SortingOrder: 0
  m_RenderMode: 0
  m_MaxParticleSize: .5
  m_CameraVelocityScale: 0
  m_VelocityScale: .200000003
  m_LengthScale: 0
  m_SortingFudge: 0
  m_NormalDirection: 1
  m_SortMode: 0
  m_Mesh: {fileID: 0}
  m_Mesh1: {fileID: 0}
  m_Mesh2: {fileID: 0}
  m_Mesh3: {fileID: 0}
--- !u!198 &1652971522
ParticleSystem:
  m_ObjectHideFlags: 0
  m_PrefabParentObject: {fileID: 19877078, guid: 99d4e8603f3c64a438b0c56b34f43213,
    type: 2}
  m_PrefabInternal: {fileID: 1567845314}
  m_GameObject: {fileID: 1652971518}
  lengthInSec: 99999
  startDelay: 0
  speed: 1
  randomSeed: 0
  looping: 1
  prewarm: 0
  playOnAwake: 0
  moveWithTransform: 0
  InitialModule:
    enabled: 1
    startLifetime:
      scalar: 99999
      maxCurve:
        serializedVersion: 2
        m_Curve:
        - time: 0
          value: 1
          inSlope: 0
          outSlope: 0
          tangentMode: 0
        - time: 1
          value: 1
          inSlope: 0
          outSlope: 0
          tangentMode: 0
        m_PreInfinity: 2
        m_PostInfinity: 2
      minCurve:
        serializedVersion: 2
        m_Curve:
        - time: 0
          value: 0
          inSlope: 0
          outSlope: 0
          tangentMode: 0
        - time: 1
          value: 0
          inSlope: 0
          outSlope: 0
          tangentMode: 0
        m_PreInfinity: 2
        m_PostInfinity: 2
      minMaxState: 0
    startSpeed:
      scalar: 0
      maxCurve:
        serializedVersion: 2
        m_Curve:
        - time: 0
          value: 1
          inSlope: 0
          outSlope: 0
          tangentMode: 0
        - time: 1
          value: 1
          inSlope: 0
          outSlope: 0
          tangentMode: 0
        m_PreInfinity: 2
        m_PostInfinity: 2
      minCurve:
        serializedVersion: 2
        m_Curve:
        - time: 0
          value: 0
          inSlope: 0
          outSlope: 0
          tangentMode: 0
        - time: 1
          value: 0
          inSlope: 0
          outSlope: 0
          tangentMode: 0
        m_PreInfinity: 2
        m_PostInfinity: 2
      minMaxState: 0
    startColor:
      maxGradient:
        key0:
          serializedVersion: 2
          rgba: 4294967295
        key1:
          serializedVersion: 2
          rgba: 4294967295
        key2:
          serializedVersion: 2
          rgba: 0
        key3:
          serializedVersion: 2
          rgba: 0
        key4:
          serializedVersion: 2
          rgba: 0
        key5:
          serializedVersion: 2
          rgba: 0
        key6:
          serializedVersion: 2
          rgba: 0
        key7:
          serializedVersion: 2
          rgba: 0
        ctime0: 0
        ctime1: 65535
        ctime2: 0
        ctime3: 0
        ctime4: 0
        ctime5: 0
        ctime6: 0
        ctime7: 0
        atime0: 0
        atime1: 65535
        atime2: 0
        atime3: 0
        atime4: 0
        atime5: 0
        atime6: 0
        atime7: 0
        m_NumColorKeys: 2
        m_NumAlphaKeys: 2
      minGradient:
        key0:
          serializedVersion: 2
          rgba: 4294967295
        key1:
          serializedVersion: 2
          rgba: 4294967295
        key2:
          serializedVersion: 2
          rgba: 0
        key3:
          serializedVersion: 2
          rgba: 0
        key4:
          serializedVersion: 2
          rgba: 0
        key5:
          serializedVersion: 2
          rgba: 0
        key6:
          serializedVersion: 2
          rgba: 0
        key7:
          serializedVersion: 2
          rgba: 0
        ctime0: 0
        ctime1: 65535
        ctime2: 0
        ctime3: 0
        ctime4: 0
        ctime5: 0
        ctime6: 0
        ctime7: 0
        atime0: 0
        atime1: 65535
        atime2: 0
        atime3: 0
        atime4: 0
        atime5: 0
        atime6: 0
        atime7: 0
        m_NumColorKeys: 2
        m_NumAlphaKeys: 2
      minColor:
        serializedVersion: 2
        rgba: 4294967295
      maxColor:
        serializedVersion: 2
        rgba: 4294967295
      minMaxState: 0
    startSize:
      scalar: 0
      maxCurve:
        serializedVersion: 2
        m_Curve:
        - time: 0
          value: 1
          inSlope: 0
          outSlope: 0
          tangentMode: 0
        - time: 1
          value: 1
          inSlope: 0
          outSlope: 0
          tangentMode: 0
        m_PreInfinity: 2
        m_PostInfinity: 2
      minCurve:
        serializedVersion: 2
        m_Curve:
        - time: 0
          value: 0
          inSlope: 0
          outSlope: 0
          tangentMode: 0
        - time: 1
          value: 0
          inSlope: 0
          outSlope: 0
          tangentMode: 0
        m_PreInfinity: 2
        m_PostInfinity: 2
      minMaxState: 0
    startRotation:
      scalar: 0
      maxCurve:
        serializedVersion: 2
        m_Curve:
        - time: 0
          value: 1
          inSlope: 0
          outSlope: 0
          tangentMode: 0
        - time: 1
          value: 1
          inSlope: 0
          outSlope: 0
          tangentMode: 0
        m_PreInfinity: 2
        m_PostInfinity: 2
      minCurve:
        serializedVersion: 2
        m_Curve:
        - time: 0
          value: 0
          inSlope: 0
          outSlope: 0
          tangentMode: 0
        - time: 1
          value: 0
          inSlope: 0
          outSlope: 0
          tangentMode: 0
        m_PreInfinity: 2
        m_PostInfinity: 2
      minMaxState: 0
    gravityModifier: 0
    inheritVelocity: 0
    maxNumParticles: 1048576
  ShapeModule:
    serializedVersion: 2
    enabled: 0
    type: 4
    radius: 1
    angle: 25
    length: 5
    boxX: 1
    boxY: 1
    boxZ: 1
    placementMode: 0
    m_Mesh: {fileID: 0}
    randomDirection: 0
  EmissionModule:
    enabled: 0
    m_Type: 0
    rate:
      scalar: 10
      maxCurve:
        serializedVersion: 2
        m_Curve:
        - time: 0
          value: 1
          inSlope: 0
          outSlope: 0
          tangentMode: 0
        - time: 1
          value: 1
          inSlope: 0
          outSlope: 0
          tangentMode: 0
        m_PreInfinity: 2
        m_PostInfinity: 2
      minCurve:
        serializedVersion: 2
        m_Curve:
        - time: 0
          value: 0
          inSlope: 0
          outSlope: 0
          tangentMode: 0
        - time: 1
          value: 0
          inSlope: 0
          outSlope: 0
          tangentMode: 0
        m_PreInfinity: 2
        m_PostInfinity: 2
      minMaxState: 0
    cnt0: 30
    cnt1: 30
    cnt2: 30
    cnt3: 30
    time0: 0
    time1: 0
    time2: 0
    time3: 0
    m_BurstCount: 0
  SizeModule:
    enabled: 0
    curve:
      scalar: 1
      maxCurve:
        serializedVersion: 2
        m_Curve:
        - time: 0
          value: 1
          inSlope: 0
          outSlope: 0
          tangentMode: 0
        - time: 1
          value: 1
          inSlope: 0
          outSlope: 0
          tangentMode: 0
        m_PreInfinity: 2
        m_PostInfinity: 2
      minCurve:
        serializedVersion: 2
        m_Curve:
        - time: 0
          value: 0
          inSlope: 0
          outSlope: 0
          tangentMode: 0
        - time: 1
          value: 0
          inSlope: 0
          outSlope: 0
          tangentMode: 0
        m_PreInfinity: 2
        m_PostInfinity: 2
      minMaxState: 1
  RotationModule:
    enabled: 0
    curve:
      scalar: .785398185
      maxCurve:
        serializedVersion: 2
        m_Curve:
        - time: 0
          value: 1
          inSlope: 0
          outSlope: 0
          tangentMode: 0
        - time: 1
          value: 1
          inSlope: 0
          outSlope: 0
          tangentMode: 0
        m_PreInfinity: 2
        m_PostInfinity: 2
      minCurve:
        serializedVersion: 2
        m_Curve:
        - time: 0
          value: 0
          inSlope: 0
          outSlope: 0
          tangentMode: 0
        - time: 1
          value: 0
          inSlope: 0
          outSlope: 0
          tangentMode: 0
        m_PreInfinity: 2
        m_PostInfinity: 2
      minMaxState: 0
  ColorModule:
    enabled: 0
    gradient:
      maxGradient:
        key0:
          serializedVersion: 2
          rgba: 4294967295
        key1:
          serializedVersion: 2
          rgba: 4294967295
        key2:
          serializedVersion: 2
          rgba: 0
        key3:
          serializedVersion: 2
          rgba: 0
        key4:
          serializedVersion: 2
          rgba: 0
        key5:
          serializedVersion: 2
          rgba: 0
        key6:
          serializedVersion: 2
          rgba: 0
        key7:
          serializedVersion: 2
          rgba: 0
        ctime0: 0
        ctime1: 65535
        ctime2: 0
        ctime3: 0
        ctime4: 0
        ctime5: 0
        ctime6: 0
        ctime7: 0
        atime0: 0
        atime1: 65535
        atime2: 0
        atime3: 0
        atime4: 0
        atime5: 0
        atime6: 0
        atime7: 0
        m_NumColorKeys: 2
        m_NumAlphaKeys: 2
      minGradient:
        key0:
          serializedVersion: 2
          rgba: 4294967295
        key1:
          serializedVersion: 2
          rgba: 4294967295
        key2:
          serializedVersion: 2
          rgba: 0
        key3:
          serializedVersion: 2
          rgba: 0
        key4:
          serializedVersion: 2
          rgba: 0
        key5:
          serializedVersion: 2
          rgba: 0
        key6:
          serializedVersion: 2
          rgba: 0
        key7:
          serializedVersion: 2
          rgba: 0
        ctime0: 0
        ctime1: 65535
        ctime2: 0
        ctime3: 0
        ctime4: 0
        ctime5: 0
        ctime6: 0
        ctime7: 0
        atime0: 0
        atime1: 65535
        atime2: 0
        atime3: 0
        atime4: 0
        atime5: 0
        atime6: 0
        atime7: 0
        m_NumColorKeys: 2
        m_NumAlphaKeys: 2
      minColor:
        serializedVersion: 2
        rgba: 4294967295
      maxColor:
        serializedVersion: 2
        rgba: 4294967295
      minMaxState: 1
  UVModule:
    enabled: 0
    frameOverTime:
      scalar: 1
      maxCurve:
        serializedVersion: 2
        m_Curve:
        - time: 0
          value: 0
          inSlope: 0
          outSlope: 1
          tangentMode: 0
        - time: 1
          value: 1
          inSlope: 1
          outSlope: 0
          tangentMode: 0
        m_PreInfinity: 2
        m_PostInfinity: 2
      minCurve:
        serializedVersion: 2
        m_Curve:
        - time: 0
          value: 0
          inSlope: 0
          outSlope: 1
          tangentMode: 0
        - time: 1
          value: 1
          inSlope: 1
          outSlope: 0
          tangentMode: 0
        m_PreInfinity: 2
        m_PostInfinity: 2
      minMaxState: 1
    tilesX: 1
    tilesY: 1
    animationType: 0
    rowIndex: 0
    cycles: 1
    randomRow: 1
  VelocityModule:
    enabled: 0
    x:
      scalar: 0
      maxCurve:
        serializedVersion: 2
        m_Curve:
        - time: 0
          value: 1
          inSlope: 0
          outSlope: 0
          tangentMode: 0
        - time: 1
          value: 1
          inSlope: 0
          outSlope: 0
          tangentMode: 0
        m_PreInfinity: 2
        m_PostInfinity: 2
      minCurve:
        serializedVersion: 2
        m_Curve:
        - time: 0
          value: 0
          inSlope: 0
          outSlope: 0
          tangentMode: 0
        - time: 1
          value: 0
          inSlope: 0
          outSlope: 0
          tangentMode: 0
        m_PreInfinity: 2
        m_PostInfinity: 2
      minMaxState: 0
    y:
      scalar: 0
      maxCurve:
        serializedVersion: 2
        m_Curve:
        - time: 0
          value: 1
          inSlope: 0
          outSlope: 0
          tangentMode: 0
        - time: 1
          value: 1
          inSlope: 0
          outSlope: 0
          tangentMode: 0
        m_PreInfinity: 2
        m_PostInfinity: 2
      minCurve:
        serializedVersion: 2
        m_Curve:
        - time: 0
          value: 0
          inSlope: 0
          outSlope: 0
          tangentMode: 0
        - time: 1
          value: 0
          inSlope: 0
          outSlope: 0
          tangentMode: 0
        m_PreInfinity: 2
        m_PostInfinity: 2
      minMaxState: 0
    z:
      scalar: 0
      maxCurve:
        serializedVersion: 2
        m_Curve:
        - time: 0
          value: 1
          inSlope: 0
          outSlope: 0
          tangentMode: 0
        - time: 1
          value: 1
          inSlope: 0
          outSlope: 0
          tangentMode: 0
        m_PreInfinity: 2
        m_PostInfinity: 2
      minCurve:
        serializedVersion: 2
        m_Curve:
        - time: 0
          value: 0
          inSlope: 0
          outSlope: 0
          tangentMode: 0
        - time: 1
          value: 0
          inSlope: 0
          outSlope: 0
          tangentMode: 0
        m_PreInfinity: 2
        m_PostInfinity: 2
      minMaxState: 0
    inWorldSpace: 0
  ForceModule:
    enabled: 0
    x:
      scalar: 0
      maxCurve:
        serializedVersion: 2
        m_Curve:
        - time: 0
          value: 1
          inSlope: 0
          outSlope: 0
          tangentMode: 0
        - time: 1
          value: 1
          inSlope: 0
          outSlope: 0
          tangentMode: 0
        m_PreInfinity: 2
        m_PostInfinity: 2
      minCurve:
        serializedVersion: 2
        m_Curve:
        - time: 0
          value: 0
          inSlope: 0
          outSlope: 0
          tangentMode: 0
        - time: 1
          value: 0
          inSlope: 0
          outSlope: 0
          tangentMode: 0
        m_PreInfinity: 2
        m_PostInfinity: 2
      minMaxState: 0
    y:
      scalar: 0
      maxCurve:
        serializedVersion: 2
        m_Curve:
        - time: 0
          value: 1
          inSlope: 0
          outSlope: 0
          tangentMode: 0
        - time: 1
          value: 1
          inSlope: 0
          outSlope: 0
          tangentMode: 0
        m_PreInfinity: 2
        m_PostInfinity: 2
      minCurve:
        serializedVersion: 2
        m_Curve:
        - time: 0
          value: 0
          inSlope: 0
          outSlope: 0
          tangentMode: 0
        - time: 1
          value: 0
          inSlope: 0
          outSlope: 0
          tangentMode: 0
        m_PreInfinity: 2
        m_PostInfinity: 2
      minMaxState: 0
    z:
      scalar: 0
      maxCurve:
        serializedVersion: 2
        m_Curve:
        - time: 0
          value: 1
          inSlope: 0
          outSlope: 0
          tangentMode: 0
        - time: 1
          value: 1
          inSlope: 0
          outSlope: 0
          tangentMode: 0
        m_PreInfinity: 2
        m_PostInfinity: 2
      minCurve:
        serializedVersion: 2
        m_Curve:
        - time: 0
          value: 0
          inSlope: 0
          outSlope: 0
          tangentMode: 0
        - time: 1
          value: 0
          inSlope: 0
          outSlope: 0
          tangentMode: 0
        m_PreInfinity: 2
        m_PostInfinity: 2
      minMaxState: 0
    inWorldSpace: 0
    randomizePerFrame: 0
  ExternalForcesModule:
    enabled: 0
    multiplier: 1
  ClampVelocityModule:
    enabled: 0
    x:
      scalar: 1
      maxCurve:
        serializedVersion: 2
        m_Curve:
        - time: 0
          value: 1
          inSlope: 0
          outSlope: 0
          tangentMode: 0
        - time: 1
          value: 1
          inSlope: 0
          outSlope: 0
          tangentMode: 0
        m_PreInfinity: 2
        m_PostInfinity: 2
      minCurve:
        serializedVersion: 2
        m_Curve:
        - time: 0
          value: 0
          inSlope: 0
          outSlope: 0
          tangentMode: 0
        - time: 1
          value: 0
          inSlope: 0
          outSlope: 0
          tangentMode: 0
        m_PreInfinity: 2
        m_PostInfinity: 2
      minMaxState: 0
    y:
      scalar: 1
      maxCurve:
        serializedVersion: 2
        m_Curve:
        - time: 0
          value: 1
          inSlope: 0
          outSlope: 0
          tangentMode: 0
        - time: 1
          value: 1
          inSlope: 0
          outSlope: 0
          tangentMode: 0
        m_PreInfinity: 2
        m_PostInfinity: 2
      minCurve:
        serializedVersion: 2
        m_Curve:
        - time: 0
          value: 0
          inSlope: 0
          outSlope: 0
          tangentMode: 0
        - time: 1
          value: 0
          inSlope: 0
          outSlope: 0
          tangentMode: 0
        m_PreInfinity: 2
        m_PostInfinity: 2
      minMaxState: 0
    z:
      scalar: 1
      maxCurve:
        serializedVersion: 2
        m_Curve:
        - time: 0
          value: 1
          inSlope: 0
          outSlope: 0
          tangentMode: 0
        - time: 1
          value: 1
          inSlope: 0
          outSlope: 0
          tangentMode: 0
        m_PreInfinity: 2
        m_PostInfinity: 2
      minCurve:
        serializedVersion: 2
        m_Curve:
        - time: 0
          value: 0
          inSlope: 0
          outSlope: 0
          tangentMode: 0
        - time: 1
          value: 0
          inSlope: 0
          outSlope: 0
          tangentMode: 0
        m_PreInfinity: 2
        m_PostInfinity: 2
      minMaxState: 0
    magnitude:
      scalar: 1
      maxCurve:
        serializedVersion: 2
        m_Curve:
        - time: 0
          value: 1
          inSlope: 0
          outSlope: 0
          tangentMode: 0
        - time: 1
          value: 1
          inSlope: 0
          outSlope: 0
          tangentMode: 0
        m_PreInfinity: 2
        m_PostInfinity: 2
      minCurve:
        serializedVersion: 2
        m_Curve:
        - time: 0
          value: 0
          inSlope: 0
          outSlope: 0
          tangentMode: 0
        - time: 1
          value: 0
          inSlope: 0
          outSlope: 0
          tangentMode: 0
        m_PreInfinity: 2
        m_PostInfinity: 2
      minMaxState: 0
    separateAxis: 0
    inWorldSpace: 0
    dampen: 1
  SizeBySpeedModule:
    enabled: 0
    curve:
      scalar: 1
      maxCurve:
        serializedVersion: 2
        m_Curve:
        - time: 0
          value: 1
          inSlope: 0
          outSlope: 0
          tangentMode: 0
        - time: 1
          value: 1
          inSlope: 0
          outSlope: 0
          tangentMode: 0
        m_PreInfinity: 2
        m_PostInfinity: 2
      minCurve:
        serializedVersion: 2
        m_Curve:
        - time: 0
          value: 0
          inSlope: 0
          outSlope: 0
          tangentMode: 0
        - time: 1
          value: 0
          inSlope: 0
          outSlope: 0
          tangentMode: 0
        m_PreInfinity: 2
        m_PostInfinity: 2
      minMaxState: 1
    range: {x: 0, y: 1}
  RotationBySpeedModule:
    enabled: 0
    curve:
      scalar: .785398185
      maxCurve:
        serializedVersion: 2
        m_Curve:
        - time: 0
          value: 1
          inSlope: 0
          outSlope: 0
          tangentMode: 0
        - time: 1
          value: 1
          inSlope: 0
          outSlope: 0
          tangentMode: 0
        m_PreInfinity: 2
        m_PostInfinity: 2
      minCurve:
        serializedVersion: 2
        m_Curve:
        - time: 0
          value: 0
          inSlope: 0
          outSlope: 0
          tangentMode: 0
        - time: 1
          value: 0
          inSlope: 0
          outSlope: 0
          tangentMode: 0
        m_PreInfinity: 2
        m_PostInfinity: 2
      minMaxState: 0
    range: {x: 0, y: 1}
  ColorBySpeedModule:
    enabled: 0
    gradient:
      maxGradient:
        key0:
          serializedVersion: 2
          rgba: 4294967295
        key1:
          serializedVersion: 2
          rgba: 4294967295
        key2:
          serializedVersion: 2
          rgba: 0
        key3:
          serializedVersion: 2
          rgba: 0
        key4:
          serializedVersion: 2
          rgba: 0
        key5:
          serializedVersion: 2
          rgba: 0
        key6:
          serializedVersion: 2
          rgba: 0
        key7:
          serializedVersion: 2
          rgba: 0
        ctime0: 0
        ctime1: 65535
        ctime2: 0
        ctime3: 0
        ctime4: 0
        ctime5: 0
        ctime6: 0
        ctime7: 0
        atime0: 0
        atime1: 65535
        atime2: 0
        atime3: 0
        atime4: 0
        atime5: 0
        atime6: 0
        atime7: 0
        m_NumColorKeys: 2
        m_NumAlphaKeys: 2
      minGradient:
        key0:
          serializedVersion: 2
          rgba: 4294967295
        key1:
          serializedVersion: 2
          rgba: 4294967295
        key2:
          serializedVersion: 2
          rgba: 0
        key3:
          serializedVersion: 2
          rgba: 0
        key4:
          serializedVersion: 2
          rgba: 0
        key5:
          serializedVersion: 2
          rgba: 0
        key6:
          serializedVersion: 2
          rgba: 0
        key7:
          serializedVersion: 2
          rgba: 0
        ctime0: 0
        ctime1: 65535
        ctime2: 0
        ctime3: 0
        ctime4: 0
        ctime5: 0
        ctime6: 0
        ctime7: 0
        atime0: 0
        atime1: 65535
        atime2: 0
        atime3: 0
        atime4: 0
        atime5: 0
        atime6: 0
        atime7: 0
        m_NumColorKeys: 2
        m_NumAlphaKeys: 2
      minColor:
        serializedVersion: 2
        rgba: 4294967295
      maxColor:
        serializedVersion: 2
        rgba: 4294967295
      minMaxState: 1
    range: {x: 0, y: 1}
  CollisionModule:
    enabled: 0
    type: 0
    plane0: {fileID: 0}
    plane1: {fileID: 0}
    plane2: {fileID: 0}
    plane3: {fileID: 0}
    plane4: {fileID: 0}
    plane5: {fileID: 0}
    dampen: 0
    bounce: 1
    energyLossOnCollision: 0
    minKillSpeed: 0
    particleRadius: .00999999978
    collidesWith:
      serializedVersion: 2
      m_Bits: 4294967295
    quality: 0
    voxelSize: .5
    collisionMessages: 0
  SubModule:
    enabled: 0
    subEmitterBirth: {fileID: 0}
    subEmitterBirth1: {fileID: 0}
    subEmitterCollision: {fileID: 0}
    subEmitterCollision1: {fileID: 0}
    subEmitterDeath: {fileID: 0}
    subEmitterDeath1: {fileID: 0}
--- !u!1001 &1706769849
Prefab:
  m_ObjectHideFlags: 0
  serializedVersion: 2
  m_Modification:
    m_TransformParent: {fileID: 1290520830}
    m_Modifications:
    - target: {fileID: 400000, guid: fce3a454d44f5894699ed16a36146a00, type: 3}
      propertyPath: m_LocalPosition.x
      value: -17.5596886
      objectReference: {fileID: 0}
    - target: {fileID: 400000, guid: fce3a454d44f5894699ed16a36146a00, type: 3}
      propertyPath: m_LocalPosition.y
      value: -.0806147531
      objectReference: {fileID: 0}
    - target: {fileID: 400000, guid: fce3a454d44f5894699ed16a36146a00, type: 3}
      propertyPath: m_LocalPosition.z
      value: 24.4798203
      objectReference: {fileID: 0}
    - target: {fileID: 400000, guid: fce3a454d44f5894699ed16a36146a00, type: 3}
      propertyPath: m_LocalRotation.x
      value: 2.18556941e-08
      objectReference: {fileID: 0}
    - target: {fileID: 400000, guid: fce3a454d44f5894699ed16a36146a00, type: 3}
      propertyPath: m_LocalRotation.y
      value: 0
      objectReference: {fileID: 0}
    - target: {fileID: 400000, guid: fce3a454d44f5894699ed16a36146a00, type: 3}
      propertyPath: m_LocalRotation.z
      value: -0
      objectReference: {fileID: 0}
    - target: {fileID: 400000, guid: fce3a454d44f5894699ed16a36146a00, type: 3}
      propertyPath: m_LocalRotation.w
      value: 1
      objectReference: {fileID: 0}
    m_RemovedComponents: []
  m_ParentPrefab: {fileID: 100100000, guid: fce3a454d44f5894699ed16a36146a00, type: 3}
  m_RootGameObject: {fileID: 2098180855}
  m_IsPrefabParent: 0
  m_IsExploded: 1
--- !u!1001 &1847659259
Prefab:
  m_ObjectHideFlags: 0
  serializedVersion: 2
  m_Modification:
    m_TransformParent: {fileID: 1290520830}
    m_Modifications:
    - target: {fileID: 400000, guid: 0cd7bb6bdf7d49a4289c861763122d06, type: 3}
      propertyPath: m_LocalPosition.x
      value: -10.7716684
      objectReference: {fileID: 0}
    - target: {fileID: 400000, guid: 0cd7bb6bdf7d49a4289c861763122d06, type: 3}
      propertyPath: m_LocalPosition.y
      value: -.108197704
      objectReference: {fileID: 0}
    - target: {fileID: 400000, guid: 0cd7bb6bdf7d49a4289c861763122d06, type: 3}
      propertyPath: m_LocalPosition.z
      value: 24.6063328
      objectReference: {fileID: 0}
    - target: {fileID: 400000, guid: 0cd7bb6bdf7d49a4289c861763122d06, type: 3}
      propertyPath: m_LocalRotation.x
      value: 2.18556941e-08
      objectReference: {fileID: 0}
    - target: {fileID: 400000, guid: 0cd7bb6bdf7d49a4289c861763122d06, type: 3}
      propertyPath: m_LocalRotation.y
      value: 0
      objectReference: {fileID: 0}
    - target: {fileID: 400000, guid: 0cd7bb6bdf7d49a4289c861763122d06, type: 3}
      propertyPath: m_LocalRotation.z
      value: -0
      objectReference: {fileID: 0}
    - target: {fileID: 400000, guid: 0cd7bb6bdf7d49a4289c861763122d06, type: 3}
      propertyPath: m_LocalRotation.w
      value: 1
      objectReference: {fileID: 0}
    m_RemovedComponents: []
  m_ParentPrefab: {fileID: 100100000, guid: 0cd7bb6bdf7d49a4289c861763122d06, type: 3}
  m_RootGameObject: {fileID: 463407487}
  m_IsPrefabParent: 0
  m_IsExploded: 1
--- !u!1 &1889140417
GameObject:
  m_ObjectHideFlags: 0
  m_PrefabParentObject: {fileID: 100000, guid: 995c252f2767fe840920e073859ff3a9, type: 3}
  m_PrefabInternal: {fileID: 147984326}
  serializedVersion: 4
  m_Component:
  - 4: {fileID: 1889140418}
  - 33: {fileID: 1889140421}
  - 23: {fileID: 1889140420}
  - 95: {fileID: 1889140419}
  m_Layer: 0
  m_Name: weapon04
  m_TagString: Untagged
  m_Icon: {fileID: 0}
  m_NavMeshLayer: 0
  m_StaticEditorFlags: 0
  m_IsActive: 1
--- !u!4 &1889140418
Transform:
  m_ObjectHideFlags: 0
  m_PrefabParentObject: {fileID: 400000, guid: 995c252f2767fe840920e073859ff3a9, type: 3}
  m_PrefabInternal: {fileID: 147984326}
  m_GameObject: {fileID: 1889140417}
  m_LocalRotation: {x: 2.18556941e-08, y: 0, z: -0, w: 1}
  m_LocalPosition: {x: -7.34332085, y: .18948549, z: 24.6245022}
  m_LocalScale: {x: .899999976, y: 1, z: 1}
  m_Children: []
  m_Father: {fileID: 1290520830}
  m_RootOrder: 0
--- !u!95 &1889140419
Animator:
  serializedVersion: 3
  m_ObjectHideFlags: 0
  m_PrefabParentObject: {fileID: 9500000, guid: 995c252f2767fe840920e073859ff3a9,
    type: 3}
  m_PrefabInternal: {fileID: 147984326}
  m_GameObject: {fileID: 1889140417}
  m_Enabled: 1
  m_Avatar: {fileID: 9000000, guid: 995c252f2767fe840920e073859ff3a9, type: 3}
  m_Controller: {fileID: 0}
  m_CullingMode: 0
  m_UpdateMode: 0
  m_ApplyRootMotion: 1
  m_HasTransformHierarchy: 1
  m_AllowConstantClipSamplingOptimization: 1
--- !u!23 &1889140420
Renderer:
  m_ObjectHideFlags: 0
  m_PrefabParentObject: {fileID: 2300000, guid: 995c252f2767fe840920e073859ff3a9,
    type: 3}
  m_PrefabInternal: {fileID: 147984326}
  m_GameObject: {fileID: 1889140417}
  m_Enabled: 1
  m_CastShadows: 1
  m_ReceiveShadows: 1
  m_LightmapIndex: 255
  m_LightmapTilingOffset: {x: 1, y: 1, z: 0, w: 0}
  m_Materials:
  - {fileID: 2100000, guid: 9c0d8356d2c63b549b47c212d7c86e3e, type: 2}
  - {fileID: 2100000, guid: 9af5636ae0fd67d4b8fdb1d6d6bdaab2, type: 2}
  m_SubsetIndices: 
  m_StaticBatchRoot: {fileID: 0}
  m_UseLightProbes: 0
  m_LightProbeAnchor: {fileID: 0}
  m_ScaleInLightmap: 1
  m_SortingLayerID: 0
  m_SortingOrder: 0
--- !u!33 &1889140421
MeshFilter:
  m_ObjectHideFlags: 0
  m_PrefabParentObject: {fileID: 3300000, guid: 995c252f2767fe840920e073859ff3a9,
    type: 3}
  m_PrefabInternal: {fileID: 147984326}
  m_GameObject: {fileID: 1889140417}
  m_Mesh: {fileID: 4300000, guid: 995c252f2767fe840920e073859ff3a9, type: 3}
--- !u!1 &1896744084
GameObject:
  m_ObjectHideFlags: 0
  m_PrefabParentObject: {fileID: 176400, guid: 99d4e8603f3c64a438b0c56b34f43213, type: 2}
  m_PrefabInternal: {fileID: 1567845314}
  serializedVersion: 4
  m_Component:
  - 4: {fileID: 1896744085}
  - 33: {fileID: 1896744088}
  - 23: {fileID: 1896744087}
  - 64: {fileID: 1896744086}
  m_Layer: 0
  m_Name: Crate
  m_TagString: Untagged
  m_Icon: {fileID: 0}
  m_NavMeshLayer: 0
  m_StaticEditorFlags: 0
  m_IsActive: 1
--- !u!4 &1896744085
Transform:
  m_ObjectHideFlags: 0
  m_PrefabParentObject: {fileID: 476400, guid: 99d4e8603f3c64a438b0c56b34f43213, type: 2}
  m_PrefabInternal: {fileID: 1567845314}
  m_GameObject: {fileID: 1896744084}
  m_LocalRotation: {x: 0, y: -0, z: -0, w: 1}
  m_LocalPosition: {x: -0, y: 0, z: 0}
  m_LocalScale: {x: 1, y: 1, z: 1}
  m_Children: []
  m_Father: {fileID: 46990399}
  m_RootOrder: 0
--- !u!64 &1896744086
MeshCollider:
  m_ObjectHideFlags: 0
  m_PrefabParentObject: {fileID: 6476400, guid: 99d4e8603f3c64a438b0c56b34f43213,
    type: 2}
  m_PrefabInternal: {fileID: 1567845314}
  m_GameObject: {fileID: 1896744084}
  m_Material: {fileID: 0}
  m_IsTrigger: 0
  m_Enabled: 1
  serializedVersion: 2
  m_SmoothSphereCollisions: 0
  m_Convex: 0
  m_Mesh: {fileID: 4300000, guid: d157892d9fafaba479d655aafce19349, type: 3}
--- !u!23 &1896744087
Renderer:
  m_ObjectHideFlags: 0
  m_PrefabParentObject: {fileID: 2376400, guid: 99d4e8603f3c64a438b0c56b34f43213,
    type: 2}
  m_PrefabInternal: {fileID: 1567845314}
  m_GameObject: {fileID: 1896744084}
  m_Enabled: 1
  m_CastShadows: 1
  m_ReceiveShadows: 1
  m_LightmapIndex: 255
  m_LightmapTilingOffset: {x: 1, y: 1, z: 0, w: 0}
  m_Materials:
  - {fileID: 2100000, guid: e23589b0b3d1fa34e83d8e6e3d48d496, type: 2}
  m_SubsetIndices: 
  m_StaticBatchRoot: {fileID: 0}
  m_UseLightProbes: 0
  m_LightProbeAnchor: {fileID: 0}
  m_ScaleInLightmap: 1
  m_SortingLayerID: 0
  m_SortingOrder: 0
--- !u!33 &1896744088
MeshFilter:
  m_ObjectHideFlags: 0
  m_PrefabParentObject: {fileID: 3376400, guid: 99d4e8603f3c64a438b0c56b34f43213,
    type: 2}
  m_PrefabInternal: {fileID: 1567845314}
  m_GameObject: {fileID: 1896744084}
  m_Mesh: {fileID: 4300000, guid: d157892d9fafaba479d655aafce19349, type: 3}
--- !u!1 &1942004195
GameObject:
  m_ObjectHideFlags: 0
  m_PrefabParentObject: {fileID: 177304, guid: 99d4e8603f3c64a438b0c56b34f43213, type: 2}
  m_PrefabInternal: {fileID: 1567845314}
  serializedVersion: 4
  m_Component:
  - 4: {fileID: 1942004196}
  m_Layer: 12
  m_Name: ScifiCrate_1
  m_TagString: Untagged
  m_Icon: {fileID: 0}
  m_NavMeshLayer: 0
  m_StaticEditorFlags: 0
  m_IsActive: 0
--- !u!4 &1942004196
Transform:
  m_ObjectHideFlags: 0
  m_PrefabParentObject: {fileID: 477304, guid: 99d4e8603f3c64a438b0c56b34f43213, type: 2}
  m_PrefabInternal: {fileID: 1567845314}
  m_GameObject: {fileID: 1942004195}
  m_LocalRotation: {x: 0, y: 0, z: 0, w: 1}
  m_LocalPosition: {x: 0, y: 0, z: 0}
  m_LocalScale: {x: .295968294, y: .295968294, z: .295968294}
  m_Children:
  - {fileID: 1493249439}
  m_Father: {fileID: 1150881695}
  m_RootOrder: 1
--- !u!1 &2098180855
GameObject:
  m_ObjectHideFlags: 0
  m_PrefabParentObject: {fileID: 100000, guid: fce3a454d44f5894699ed16a36146a00, type: 3}
  m_PrefabInternal: {fileID: 1706769849}
  serializedVersion: 4
  m_Component:
  - 4: {fileID: 2098180859}
  - 33: {fileID: 2098180858}
  - 23: {fileID: 2098180857}
  - 95: {fileID: 2098180856}
  m_Layer: 0
  m_Name: weapon01
  m_TagString: Untagged
  m_Icon: {fileID: 0}
  m_NavMeshLayer: 0
  m_StaticEditorFlags: 0
  m_IsActive: 1
--- !u!95 &2098180856
Animator:
  serializedVersion: 3
  m_ObjectHideFlags: 0
  m_PrefabParentObject: {fileID: 9500000, guid: fce3a454d44f5894699ed16a36146a00,
    type: 3}
  m_PrefabInternal: {fileID: 1706769849}
  m_GameObject: {fileID: 2098180855}
  m_Enabled: 1
  m_Avatar: {fileID: 9000000, guid: fce3a454d44f5894699ed16a36146a00, type: 3}
  m_Controller: {fileID: 0}
  m_CullingMode: 0
  m_UpdateMode: 0
  m_ApplyRootMotion: 1
  m_HasTransformHierarchy: 1
  m_AllowConstantClipSamplingOptimization: 1
--- !u!23 &2098180857
Renderer:
  m_ObjectHideFlags: 0
  m_PrefabParentObject: {fileID: 2300000, guid: fce3a454d44f5894699ed16a36146a00,
    type: 3}
  m_PrefabInternal: {fileID: 1706769849}
  m_GameObject: {fileID: 2098180855}
  m_Enabled: 1
  m_CastShadows: 1
  m_ReceiveShadows: 1
  m_LightmapIndex: 255
  m_LightmapTilingOffset: {x: 1, y: 1, z: 0, w: 0}
  m_Materials:
  - {fileID: 2100000, guid: 9c0d8356d2c63b549b47c212d7c86e3e, type: 2}
  m_SubsetIndices: 
  m_StaticBatchRoot: {fileID: 0}
  m_UseLightProbes: 0
  m_LightProbeAnchor: {fileID: 0}
  m_ScaleInLightmap: 1
  m_SortingLayerID: 0
  m_SortingOrder: 0
--- !u!33 &2098180858
MeshFilter:
  m_ObjectHideFlags: 0
  m_PrefabParentObject: {fileID: 3300000, guid: fce3a454d44f5894699ed16a36146a00,
    type: 3}
  m_PrefabInternal: {fileID: 1706769849}
  m_GameObject: {fileID: 2098180855}
  m_Mesh: {fileID: 4300000, guid: fce3a454d44f5894699ed16a36146a00, type: 3}
--- !u!4 &2098180859
Transform:
  m_ObjectHideFlags: 0
  m_PrefabParentObject: {fileID: 400000, guid: fce3a454d44f5894699ed16a36146a00, type: 3}
  m_PrefabInternal: {fileID: 1706769849}
  m_GameObject: {fileID: 2098180855}
  m_LocalRotation: {x: 2.18556941e-08, y: 0, z: -0, w: 1}
  m_LocalPosition: {x: -17.5596886, y: -.0806147531, z: 24.4798203}
  m_LocalScale: {x: .899999976, y: 1, z: 1}
  m_Children: []
  m_Father: {fileID: 1290520830}
  m_RootOrder: 1
--- !u!1 &2133439994
GameObject:
  m_ObjectHideFlags: 0
  m_PrefabParentObject: {fileID: 177094, guid: 99d4e8603f3c64a438b0c56b34f43213, type: 2}
  m_PrefabInternal: {fileID: 1567845314}
  serializedVersion: 4
  m_Component:
  - 4: {fileID: 2133439995}
  - 33: {fileID: 2133439997}
  - 23: {fileID: 2133439996}
  m_Layer: 12
  m_Name: Cube
  m_TagString: Untagged
  m_Icon: {fileID: 0}
  m_NavMeshLayer: 0
  m_StaticEditorFlags: 0
  m_IsActive: 0
--- !u!4 &2133439995
Transform:
  m_ObjectHideFlags: 0
  m_PrefabParentObject: {fileID: 477082, guid: 99d4e8603f3c64a438b0c56b34f43213, type: 2}
  m_PrefabInternal: {fileID: 1567845314}
  m_GameObject: {fileID: 2133439994}
  m_LocalRotation: {x: 0, y: 0, z: 0, w: 1}
  m_LocalPosition: {x: -.0843039975, y: 0, z: 0}
  m_LocalScale: {x: 1.5999999, y: 1.59999943, z: 1.59999943}
  m_Children: []
  m_Father: {fileID: 1150881695}
  m_RootOrder: 0
--- !u!23 &2133439996
Renderer:
  m_ObjectHideFlags: 0
  m_PrefabParentObject: {fileID: 2377078, guid: 99d4e8603f3c64a438b0c56b34f43213,
    type: 2}
  m_PrefabInternal: {fileID: 1567845314}
  m_GameObject: {fileID: 2133439994}
  m_Enabled: 1
  m_CastShadows: 1
  m_ReceiveShadows: 1
  m_LightmapIndex: 255
  m_LightmapTilingOffset: {x: 1, y: 1, z: 0, w: 0}
  m_Materials:
  - {fileID: 2100000, guid: 7ef26d9f4ef8ed245a7ae339219b2992, type: 2}
  m_SubsetIndices: 
  m_StaticBatchRoot: {fileID: 0}
  m_UseLightProbes: 0
  m_LightProbeAnchor: {fileID: 0}
  m_ScaleInLightmap: 1
  m_SortingLayerID: 0
  m_SortingOrder: 0
--- !u!33 &2133439997
MeshFilter:
  m_ObjectHideFlags: 0
  m_PrefabParentObject: {fileID: 3377078, guid: 99d4e8603f3c64a438b0c56b34f43213,
    type: 2}
  m_PrefabInternal: {fileID: 1567845314}
  m_GameObject: {fileID: 2133439994}
  m_Mesh: {fileID: 10202, guid: 0000000000000000e000000000000000, type: 0}
